order_id;order_date;order_time;quantity;pizza_size;unit_price;pizza_id
1;2015-01-01;11:38:36;1;M;13.25;1
2;2015-01-01;11:57:40;1;M;16.00;2
2;2015-01-01;11:57:40;1;L;18.50;3
2;2015-01-01;11:57:40;1;L;20.75;4
2;2015-01-01;11:57:40;1;M;16.00;5
2;2015-01-01;11:57:40;1;L;20.75;6
3;2015-01-01;12:12:28;1;M;16.50;4
3;2015-01-01;12:12:28;1;L;20.75;7
4;2015-01-01;12:16:31;1;M;16.50;4
5;2015-01-01;12:21:30;1;M;16.50;4
6;2015-01-01;12:29:36;1;S;12.75;8
6;2015-01-01;12:29:36;1;S;12.00;9
7;2015-01-01;12:50:37;1;S;12.50;10
8;2015-01-01;12:51:37;1;S;12.50;10
9;2015-01-01;12:52:01;1;S;12.00;2
9;2015-01-01;12:52:01;1;S;12.00;11
9;2015-01-01;12:52:01;1;L;20.50;12
9;2015-01-01;12:52:01;1;L;20.75;4
9;2015-01-01;12:52:01;1;S;12.50;4
9;2015-01-01;12:52:01;1;S;12.00;5
9;2015-01-01;12:52:01;1;L;20.75;13
9;2015-01-01;12:52:01;1;L;20.75;14
9;2015-01-01;12:52:01;1;S;12.00;15
10;2015-01-01;13:00:15;1;L;20.25;5
10;2015-01-01;13:00:15;1;L;20.75;16
11;2015-01-01;13:02:59;1;L;20.75;8
11;2015-01-01;13:02:59;1;L;20.75;17
11;2015-01-01;13:02:59;1;M;16.75;17
11;2015-01-01;13:02:59;1;L;15.25;18
12;2015-01-01;13:04:41;1;L;20.75;17
12;2015-01-01;13:04:41;1;S;12.75;17
12;2015-01-01;13:04:41;1;L;20.75;19
12;2015-01-01;13:04:41;1;M;16.50;4
13;2015-01-01;13:11:55;1;L;20.25;5
14;2015-01-01;13:14:19;1;S;12.00;9
15;2015-01-01;13:33:00;1;S;12.00;20
15;2015-01-01;13:33:00;1;L;18.50;3
15;2015-01-01;13:33:00;1;L;20.75;21
15;2015-01-01;13:33:00;1;S;12.00;9
16;2015-01-01;13:34:07;1;L;17.95;22
16;2015-01-01;13:34:07;1;S;12.00;23
16;2015-01-01;13:34:07;1;L;20.75;6
17;2015-01-01;13:53:00;1;L;20.75;8
17;2015-01-01;13:53:00;1;M;16.25;24
17;2015-01-01;13:53:00;1;L;18.50;3
17;2015-01-01;13:53:00;1;M;14.75;22
17;2015-01-01;13:53:00;1;M;16.50;4
17;2015-01-01;13:53:00;1;S;12.75;25
17;2015-01-01;13:53:00;2;M;16.00;26
17;2015-01-01;13:53:00;1;L;20.25;5
17;2015-01-01;13:53:00;1;S;12.50;27
17;2015-01-01;13:53:00;1;L;20.25;28
18;2015-01-01;13:57:08;1;L;20.50;23
19;2015-01-01;13:59:09;1;L;20.50;12
19;2015-01-01;13:59:09;1;L;20.25;29
20;2015-01-01;14:03:08;1;S;12.00;20
20;2015-01-01;14:03:08;1;L;18.50;3
21;2015-01-01;14:14:29;1;L;20.50;12
22;2015-01-01;14:16:26;1;L;18.50;3
22;2015-01-01;14:16:26;1;M;16.00;12
22;2015-01-01;14:16:26;1;L;20.75;16
23;2015-01-01;14:19:03;1;S;12.75;16
24;2015-01-01;14:23:01;1;M;16.75;8
24;2015-01-01;14:23:01;1;M;16.00;12
24;2015-01-01;14:23:01;1;M;12.50;18
24;2015-01-01;14:23:01;1;S;12.50;7
25;2015-01-01;14:44:44;1;M;16.25;29
25;2015-01-01;14:44:44;1;L;20.75;6
26;2015-01-01;14:54:26;1;S;12.00;2
26;2015-01-01;14:54:26;1;L;20.25;15
27;2015-01-01;15:11:17;1;L;20.75;8
27;2015-01-01;15:11:17;1;M;16.00;2
27;2015-01-01;15:11:17;1;L;20.25;28
28;2015-01-01;15:35:46;1;S;12.75;30
29;2015-01-01;15:41:01;1;S;12.00;11
30;2015-01-01;15:41:25;1;L;20.75;6
31;2015-01-01;15:50:18;1;M;16.00;5
31;2015-01-01;15:50:18;1;S;9.75;18
32;2015-01-01;15:53:18;1;S;12.00;20
32;2015-01-01;15:53:18;1;L;20.25;11
32;2015-01-01;15:53:18;1;L;20.50;12
32;2015-01-01;15:53:18;1;M;16.50;4
33;2015-01-01;15:54:08;1;L;20.75;8
33;2015-01-01;15:54:08;1;S;12.00;11
34;2015-01-01;16:21:21;1;S;12.00;9
35;2015-01-01;16:32:04;1;M;16.00;11
35;2015-01-01;16:32:04;1;L;17.50;31
35;2015-01-01;16:32:04;1;M;12.50;18
35;2015-01-01;16:32:04;1;L;20.75;6
36;2015-01-01;16:54:09;1;M;16.75;8
36;2015-01-01;16:54:09;1;M;16.00;2
37;2015-01-01;16:56:09;1;L;20.75;4
37;2015-01-01;16:56:09;1;L;20.25;5
38;2015-01-01;17:03:00;1;S;10.50;1
38;2015-01-01;17:03:00;1;L;20.50;12
39;2015-01-01;17:07:23;1;L;20.75;4
40;2015-01-01;17:14:36;1;L;17.95;22
40;2015-01-01;17:14:36;1;S;12.75;16
41;2015-01-01;17:15:20;1;M;14.75;22
41;2015-01-01;17:15:20;1;S;12.00;11
42;2015-01-01;17:28:09;1;S;12.00;20
42;2015-01-01;17:28:09;1;L;18.50;3
42;2015-01-01;17:28:09;1;L;20.25;5
42;2015-01-01;17:28:09;1;M;16.50;27
43;2015-01-01;17:38:34;1;M;16.75;30
43;2015-01-01;17:38:34;1;M;16.50;4
43;2015-01-01;17:38:34;1;L;20.75;27
44;2015-01-01;17:54:20;1;S;12.50;14
45;2015-01-01;17:55:48;1;L;17.95;22
45;2015-01-01;17:55:48;1;S;10.50;1
45;2015-01-01;17:55:48;1;M;16.75;6
46;2015-01-01;18:25:51;1;L;20.75;19
46;2015-01-01;18:25:51;1;L;20.50;2
46;2015-01-01;18:25:51;1;M;16.75;6
47;2015-01-01;18:26:34;1;L;20.75;16
47;2015-01-01;18:26:34;1;S;12.00;15
48;2015-01-01;18:26:42;1;M;16.75;19
48;2015-01-01;18:26:42;1;S;12.00;11
48;2015-01-01;18:26:42;1;L;20.75;7
48;2015-01-01;18:26:42;1;L;20.75;13
49;2015-01-01;18:33:00;1;L;20.25;29
50;2015-01-01;18:41:01;1;XL;25.50;9
51;2015-01-01;18:48:28;1;L;20.75;8
51;2015-01-01;18:48:28;1;L;17.50;31
52;2015-01-01;18:53:02;1;L;16.50;1
52;2015-01-01;18:53:02;1;L;20.25;5
52;2015-01-01;18:53:02;1;L;20.75;13
53;2015-01-01;18:54:17;1;S;11.00;31
53;2015-01-01;18:54:17;1;M;16.50;10
54;2015-01-01;19:01:45;1;M;16.50;7
54;2015-01-01;19:01:45;1;L;20.75;6
55;2015-01-01;19:03:19;1;S;12.50;27
55;2015-01-01;19:03:19;1;L;20.75;13
56;2015-01-01;19:07:00;1;M;16.00;2
56;2015-01-01;19:07:00;1;L;20.25;26
56;2015-01-01;19:07:00;1;M;16.75;16
57;2015-01-01;19:10:51;1;M;16.00;2
58;2015-01-01;19:30:40;1;L;18.50;3
58;2015-01-01;19:30:40;1;M;12.50;18
59;2015-01-01;19:40:08;1;S;12.75;25
59;2015-01-01;19:40:08;1;S;11.00;31
59;2015-01-01;19:40:08;1;L;15.25;18
60;2015-01-01;20:05:16;1;L;20.75;19
60;2015-01-01;20:05:16;1;M;14.75;22
61;2015-01-01;20:08:43;1;M;16.75;8
61;2015-01-01;20:08:43;1;L;20.75;4
62;2015-01-01;20:50:16;1;M;16.75;8
62;2015-01-01;20:50:16;1;M;16.50;10
63;2015-01-01;20:51:42;1;M;14.50;31
64;2015-01-01;20:52:08;1;S;12.00;20
65;2015-01-01;21:16:00;1;S;11.00;31
65;2015-01-01;21:16:00;1;S;12.25;29
65;2015-01-01;21:16:00;1;S;12.50;13
65;2015-01-01;21:16:00;1;M;16.50;10
66;2015-01-01;21:47:55;1;M;16.00;2
66;2015-01-01;21:47:55;1;M;16.00;12
67;2015-01-01;22:03:40;1;L;20.75;16
68;2015-01-01;22:07:32;1;M;16.00;2
68;2015-01-01;22:07:32;1;L;20.75;4
68;2015-01-01;22:07:32;1;M;16.50;4
69;2015-01-01;22:12:13;1;L;20.75;8
70;2015-01-02;11:38:51;1;S;12.75;25
70;2015-01-02;11:38:51;1;L;20.75;21
71;2015-01-02;11:40:50;1;L;20.75;6
72;2015-01-02;11:57:25;1;L;20.25;28
73;2015-01-02;11:58:56;1;S;12.75;6
74;2015-01-02;12:01:12;1;L;18.50;3
74;2015-01-02;12:01:12;1;L;20.25;5
74;2015-01-02;12:01:12;1;S;12.50;14
74;2015-01-02;12:01:12;1;L;20.75;10
75;2015-01-02;12:10:15;1;S;12.50;4
75;2015-01-02;12:10:15;1;L;20.25;26
75;2015-01-02;12:10:15;1;L;20.50;23
76;2015-01-02;12:21:17;1;S;12.00;20
76;2015-01-02;12:21:17;1;L;16.50;1
76;2015-01-02;12:21:17;1;L;21.00;25
76;2015-01-02;12:21:17;1;L;20.75;13
77;2015-01-02;12:22:46;1;M;16.75;8
77;2015-01-02;12:22:46;1;M;13.25;1
78;2015-01-02;12:28:14;1;S;12.00;20
78;2015-01-02;12:28:14;1;S;12.00;2
78;2015-01-02;12:28:14;1;L;17.95;22
78;2015-01-02;12:28:14;1;M;16.00;12
78;2015-01-02;12:28:14;3;L;20.75;13
78;2015-01-02;12:28:14;1;S;12.75;6
79;2015-01-02;12:29:11;1;L;20.50;12
79;2015-01-02;12:29:11;1;S;11.00;31
79;2015-01-02;12:29:11;1;L;20.75;6
80;2015-01-02;12:35:38;1;S;9.75;18
80;2015-01-02;12:35:38;1;M;16.75;6
81;2015-01-02;12:40:01;1;L;20.75;6
82;2015-01-02;12:45:51;1;S;12.00;20
82;2015-01-02;12:45:51;1;M;16.75;17
82;2015-01-02;12:45:51;1;L;20.75;13
82;2015-01-02;12:45:51;1;M;16.00;15
83;2015-01-02;12:53:27;1;S;12.75;16
84;2015-01-02;13:13:41;1;L;15.25;18
85;2015-01-02;13:34:49;1;M;16.00;2
85;2015-01-02;13:34:49;1;S;12.00;2
85;2015-01-02;13:34:49;1;L;20.75;4
85;2015-01-02;13:34:49;1;M;16.00;9
86;2015-01-02;13:40:31;1;L;16.50;1
87;2015-01-02;14:01:02;1;M;16.00;12
87;2015-01-02;14:01:02;1;M;16.00;5
87;2015-01-02;14:01:02;1;L;20.75;10
87;2015-01-02;14:01:02;1;S;12.50;10
88;2015-01-02;14:10:08;1;L;18.50;3
89;2015-01-02;14:30:19;1;L;20.75;21
89;2015-01-02;14:30:19;1;L;20.75;6
90;2015-01-02;15:08:48;1;L;20.25;29
90;2015-01-02;15:08:48;1;S;12.75;6
91;2015-01-02;15:14:43;2;L;20.75;8
91;2015-01-02;15:14:43;1;S;12.75;19
91;2015-01-02;15:14:43;1;S;9.75;18
92;2015-01-02;15:17:02;1;M;16.75;8
92;2015-01-02;15:17:02;1;L;20.75;4
92;2015-01-02;15:17:02;1;M;16.50;4
92;2015-01-02;15:17:02;1;S;12.75;25
92;2015-01-02;15:17:02;1;M;12.50;18
92;2015-01-02;15:17:02;1;M;16.50;27
92;2015-01-02;15:17:02;1;S;12.00;28
92;2015-01-02;15:17:02;1;S;12.50;10
92;2015-01-02;15:17:02;2;M;16.00;9
93;2015-01-02;15:29:31;1;M;16.25;29
94;2015-01-02;16:17:16;1;M;16.00;12
94;2015-01-02;16:17:16;1;S;12.75;16
95;2015-01-02;16:18:04;1;S;12.00;23
95;2015-01-02;16:18:04;1;L;20.75;27
96;2015-01-02;16:21:20;1;S;12.00;23
97;2015-01-02;16:45:33;1;S;12.00;20
98;2015-01-02;17:18:18;1;L;20.50;2
98;2015-01-02;17:18:18;1;L;20.50;23
99;2015-01-02;17:45:42;1;L;20.75;4
100;2015-01-02;17:46:17;1;L;16.50;1
101;2015-01-02;17:51:33;1;L;20.75;17
101;2015-01-02;17:51:33;1;L;15.25;18
101;2015-01-02;17:51:33;1;L;20.75;21
101;2015-01-02;17:51:33;1;M;16.50;13
102;2015-01-02;17:54:04;1;S;12.75;8
102;2015-01-02;17:54:04;1;S;12.50;7
103;2015-01-02;18:02:09;1;S;12.50;10
104;2015-01-02;18:02:12;1;M;16.75;8
104;2015-01-02;18:02:12;1;M;16.75;30
104;2015-01-02;18:02:12;1;M;16.75;25
104;2015-01-02;18:02:12;1;L;20.25;15
105;2015-01-02;18:12:01;2;S;10.50;1
105;2015-01-02;18:12:01;1;L;15.25;18
105;2015-01-02;18:12:01;1;M;16.50;7
106;2015-01-02;18:12:13;1;L;20.25;5
106;2015-01-02;18:12:13;1;L;20.75;13
107;2015-01-02;18:25:09;1;L;20.75;17
107;2015-01-02;18:25:09;1;M;16.50;4
107;2015-01-02;18:25:09;1;L;20.75;13
107;2015-01-02;18:25:09;1;L;20.25;15
108;2015-01-02;18:25:25;1;L;20.50;2
108;2015-01-02;18:25:25;1;L;16.50;1
108;2015-01-02;18:25:25;1;L;20.75;10
109;2015-01-02;18:27:50;1;L;20.50;12
109;2015-01-02;18:27:50;1;L;20.75;4
109;2015-01-02;18:27:50;1;M;12.50;18
109;2015-01-02;18:27:50;1;L;20.75;7
110;2015-01-02;18:36:19;1;S;12.00;20
110;2015-01-02;18:36:19;1;L;20.50;23
110;2015-01-02;18:36:19;1;L;20.75;21
110;2015-01-02;18:36:19;1;S;12.50;13
111;2015-01-02;18:38:01;1;M;16.75;17
111;2015-01-02;18:38:01;1;L;18.50;3
111;2015-01-02;18:38:01;1;M;12.50;18
111;2015-01-02;18:38:01;1;L;20.75;14
112;2015-01-02;18:41:40;1;S;9.75;18
113;2015-01-02;18:50:21;1;L;20.75;17
113;2015-01-02;18:50:21;1;L;20.25;5
113;2015-01-02;18:50:21;1;M;16.75;16
114;2015-01-02;18:59:32;1;L;15.25;18
114;2015-01-02;18:59:32;1;S;12.25;29
115;2015-01-02;19:05:17;1;S;12.00;20
115;2015-01-02;19:05:17;1;L;20.50;23
115;2015-01-02;19:05:17;1;M;16.75;6
116;2015-01-02;19:18:49;1;L;18.50;3
117;2015-01-02;19:23:02;1;M;16.50;27
117;2015-01-02;19:23:02;1;L;20.25;29
118;2015-01-02;19:26:59;1;L;20.75;7
118;2015-01-02;19:26:59;1;S;12.00;28
119;2015-01-02;19:32:29;1;M;14.75;22
120;2015-01-02;19:35:07;1;S;12.00;2
120;2015-01-02;19:35:07;1;S;10.50;1
120;2015-01-02;19:35:07;1;L;20.25;28
121;2015-01-02;19:38:48;1;M;16.75;8
121;2015-01-02;19:38:48;1;L;17.95;22
121;2015-01-02;19:38:48;1;L;20.25;29
121;2015-01-02;19:38:48;1;L;20.75;16
122;2015-01-02;19:50:19;1;M;16.50;4
123;2015-01-02;20:12:09;1;S;12.00;12
124;2015-01-02;20:12:34;1;S;12.75;8
124;2015-01-02;20:12:34;1;L;20.25;29
124;2015-01-02;20:12:34;1;L;20.75;13
124;2015-01-02;20:12:34;1;S;12.00;9
125;2015-01-02;20:31:06;1;XL;25.50;9
126;2015-01-02;20:53:42;1;L;20.25;15
127;2015-01-02;20:58:23;1;M;12.50;18
128;2015-01-02;21:05:06;1;S;12.50;13
129;2015-01-02;21:13:02;1;S;12.00;20
129;2015-01-02;21:13:02;1;M;16.00;9
130;2015-01-02;21:14:55;1;S;10.50;1
130;2015-01-02;21:14:55;1;L;20.50;12
130;2015-01-02;21:14:55;1;M;16.00;5
130;2015-01-02;21:14:55;1;S;12.75;16
131;2015-01-02;21:33:10;1;L;20.75;19
131;2015-01-02;21:33:10;1;L;18.50;3
131;2015-01-02;21:33:10;1;S;12.00;11
131;2015-01-02;21:33:10;1;S;12.50;10
132;2015-01-02;21:42:45;1;S;9.75;18
133;2015-01-02;22:00:17;1;L;20.75;8
133;2015-01-02;22:00:17;1;L;16.50;1
133;2015-01-02;22:00:17;1;S;12.00;9
134;2015-01-02;22:13:24;1;S;12.00;20
134;2015-01-02;22:13:24;1;L;20.75;16
134;2015-01-02;22:13:24;1;S;12.50;10
135;2015-01-02;22:29:34;1;L;20.25;15
136;2015-01-02;22:32:49;1;L;18.50;3
136;2015-01-02;22:32:49;1;S;12.50;27
137;2015-01-03;11:34:10;1;L;20.25;26
137;2015-01-03;11:34:10;1;S;9.75;18
137;2015-01-03;11:34:10;1;M;16.50;13
138;2015-01-03;11:44:50;1;M;16.75;17
138;2015-01-03;11:44:50;1;L;17.95;22
138;2015-01-03;11:44:50;1;L;21.00;25
138;2015-01-03;11:44:50;1;M;16.25;29
139;2015-01-03;11:57:39;1;L;18.50;3
140;2015-01-03;12:26:44;1;S;12.50;7
140;2015-01-03;12:26:44;1;M;16.00;15
141;2015-01-03;13:16:01;1;M;16.00;2
142;2015-01-03;13:33:59;1;M;16.00;11
143;2015-01-03;13:41:36;1;S;12.75;17
143;2015-01-03;13:41:36;1;S;12.00;2
143;2015-01-03;13:41:36;1;L;16.50;1
143;2015-01-03;13:41:36;1;M;16.00;5
143;2015-01-03;13:41:36;1;L;15.25;18
143;2015-01-03;13:41:36;1;S;12.50;7
143;2015-01-03;13:41:36;1;L;20.75;6
143;2015-01-03;13:41:36;1;M;16.00;15
144;2015-01-03;13:44:28;3;M;16.75;8
144;2015-01-03;13:44:28;1;S;12.00;20
144;2015-01-03;13:44:28;1;L;20.75;17
144;2015-01-03;13:44:28;1;M;16.75;19
144;2015-01-03;13:44:28;1;L;18.50;3
144;2015-01-03;13:44:28;1;L;17.95;22
144;2015-01-03;13:44:28;1;S;11.00;31
144;2015-01-03;13:44:28;1;L;20.75;16
144;2015-01-03;13:44:28;1;S;12.75;16
144;2015-01-03;13:44:28;1;L;20.75;13
144;2015-01-03;13:44:28;1;M;16.75;6
144;2015-01-03;13:44:28;1;L;20.25;15
145;2015-01-03;13:53:48;1;S;12.00;9
146;2015-01-03;14:22:10;1;L;20.75;17
146;2015-01-03;14:22:10;1;M;14.75;22
146;2015-01-03;14:22:10;1;M;13.25;1
147;2015-01-03;14:32:51;1;XL;25.50;9
148;2015-01-03;14:40:42;1;S;12.00;26
149;2015-01-03;14:48:45;1;M;16.00;28
150;2015-01-03;14:49:58;1;M;12.50;18
151;2015-01-03;15:09:34;1;L;20.75;16
151;2015-01-03;15:09:34;1;S;12.50;10
152;2015-01-03;15:09:42;1;S;10.50;1
152;2015-01-03;15:09:42;1;L;20.25;28
152;2015-01-03;15:09:42;1;S;12.75;6
152;2015-01-03;15:09:42;1;M;16.00;9
153;2015-01-03;15:16:34;1;M;16.00;5
154;2015-01-03;15:22:43;1;S;12.50;7
155;2015-01-03;15:28:59;1;S;12.75;19
155;2015-01-03;15:28:59;1;L;20.50;23
155;2015-01-03;15:28:59;1;L;15.25;18
155;2015-01-03;15:28:59;1;L;20.75;27
156;2015-01-03;15:42:19;1;M;16.00;23
156;2015-01-03;15:42:19;1;L;20.75;6
157;2015-01-03;15:43:03;1;L;20.75;4
157;2015-01-03;15:43:03;1;M;16.00;26
157;2015-01-03;15:43:03;1;M;16.25;29
157;2015-01-03;15:43:03;1;M;16.50;14
158;2015-01-03;15:54:30;1;M;16.75;25
158;2015-01-03;15:54:30;1;M;16.75;6
159;2015-01-03;15:59:22;1;L;17.95;22
159;2015-01-03;15:59:22;1;M;16.75;6
160;2015-01-03;16:35:33;1;M;16.00;2
161;2015-01-03;16:43:46;1;S;10.50;1
161;2015-01-03;16:43:46;1;M;16.50;13
161;2015-01-03;16:43:46;1;XL;25.50;9
162;2015-01-03;16:51:22;1;S;12.00;20
163;2015-01-03;16:54:54;1;M;13.25;1
163;2015-01-03;16:54:54;1;L;15.25;18
163;2015-01-03;16:54:54;1;M;16.00;9
164;2015-01-03;16:56:33;1;L;20.75;17
164;2015-01-03;16:56:33;1;M;12.50;18
165;2015-01-03;16:57:37;1;M;16.50;7
166;2015-01-03;16:58:51;1;S;12.50;7
167;2015-01-03;17:00:49;1;L;20.75;8
167;2015-01-03;17:00:49;1;M;16.50;4
167;2015-01-03;17:00:49;1;M;12.50;18
168;2015-01-03;17:02:27;1;S;12.00;20
168;2015-01-03;17:02:27;1;M;16.00;15
169;2015-01-03;17:15:48;1;L;17.95;22
169;2015-01-03;17:15:48;1;S;12.00;12
169;2015-01-03;17:15:48;1;M;16.25;29
170;2015-01-03;17:21:31;1;L;16.50;1
171;2015-01-03;17:23:03;1;M;16.00;23
172;2015-01-03;17:29:24;1;S;12.00;23
172;2015-01-03;17:29:24;1;M;16.50;10
172;2015-01-03;17:29:24;1;L;20.75;6
173;2015-01-03;17:35:30;1;M;16.75;17
173;2015-01-03;17:35:30;1;M;16.00;2
173;2015-01-03;17:35:30;1;L;20.25;15
174;2015-01-03;17:37:49;1;S;12.00;20
174;2015-01-03;17:37:49;1;L;20.75;17
174;2015-01-03;17:37:49;1;M;16.75;17
174;2015-01-03;17:37:49;1;M;16.00;12
175;2015-01-03;17:50:51;1;L;20.75;4
176;2015-01-03;17:51:57;1;L;20.75;17
176;2015-01-03;17:51:57;1;M;16.50;27
177;2015-01-03;17:54:36;1;S;12.00;23
177;2015-01-03;17:54:36;1;L;20.75;6
178;2015-01-03;18:15:03;1;L;20.75;27
179;2015-01-03;18:20:14;1;L;16.50;1
179;2015-01-03;18:20:14;1;M;16.25;29
179;2015-01-03;18:20:14;1;S;12.00;15
180;2015-01-03;18:33:34;1;L;20.50;2
180;2015-01-03;18:33:34;1;L;20.75;7
181;2015-01-03;18:49:32;1;L;20.25;5
182;2015-01-03;18:50:10;1;S;23.65;32
182;2015-01-03;18:50:10;1;L;20.75;27
183;2015-01-03;18:54:55;1;M;16.00;23
183;2015-01-03;18:54:55;1;L;20.75;14
183;2015-01-03;18:54:55;1;S;12.50;14
184;2015-01-03;18:59:05;1;L;16.50;1
185;2015-01-03;19:08:33;1;M;16.25;29
185;2015-01-03;19:08:33;1;S;12.50;14
186;2015-01-03;19:36:00;1;L;20.25;5
186;2015-01-03;19:36:00;1;L;20.75;16
186;2015-01-03;19:36:00;1;L;20.75;14
186;2015-01-03;19:36:00;1;L;20.75;6
187;2015-01-03;19:37:12;1;L;18.50;3
187;2015-01-03;19:37:12;1;L;20.75;14
188;2015-01-03;20:08:39;1;L;18.50;3
188;2015-01-03;20:08:39;1;S;9.75;18
188;2015-01-03;20:08:39;1;L;20.75;27
189;2015-01-03;20:12:14;2;S;12.00;20
189;2015-01-03;20:12:14;1;S;12.75;6
190;2015-01-03;20:14:23;1;L;20.75;8
190;2015-01-03;20:14:23;1;M;14.75;22
190;2015-01-03;20:14:23;1;S;11.00;31
190;2015-01-03;20:14:23;1;L;20.75;7
191;2015-01-03;20:24:50;1;L;20.75;17
191;2015-01-03;20:24:50;1;M;16.75;30
192;2015-01-03;20:30:08;1;S;12.25;29
192;2015-01-03;20:30:08;1;L;20.75;16
193;2015-01-03;20:55:47;1;S;12.00;20
193;2015-01-03;20:55:47;1;M;16.75;17
193;2015-01-03;20:55:47;2;L;20.75;30
194;2015-01-03;21:21:24;1;S;12.75;8
195;2015-01-03;21:25:20;1;L;20.75;8
196;2015-01-03;21:40:14;1;S;12.25;29
196;2015-01-03;21:40:14;1;M;16.50;13
196;2015-01-03;21:40:14;1;M;16.00;15
197;2015-01-03;21:47:48;1;L;17.95;22
197;2015-01-03;21:47:48;1;L;20.50;12
197;2015-01-03;21:47:48;1;L;21.00;25
197;2015-01-03;21:47:48;1;L;20.75;21
198;2015-01-03;21:55:42;1;S;12.00;20
198;2015-01-03;21:55:42;1;L;20.75;30
199;2015-01-03;22:10:38;1;M;16.75;30
200;2015-01-03;22:24:05;1;XL;25.50;9
201;2015-01-03;22:29:59;1;M;16.25;24
201;2015-01-03;22:29:59;1;L;20.75;19
201;2015-01-03;22:29:59;1;L;20.75;4
201;2015-01-03;22:29:59;1;XL;25.50;9
202;2015-01-03;22:50:29;1;S;12.75;17
203;2015-01-04;11:30:48;1;L;20.75;17
203;2015-01-04;11:30:48;1;M;16.75;25
203;2015-01-04;11:30:48;1;L;17.50;31
203;2015-01-04;11:30:48;1;S;12.00;9
204;2015-01-04;11:36:25;1;L;20.75;13
205;2015-01-04;11:43:54;1;S;12.75;17
205;2015-01-04;11:43:54;1;M;16.75;30
205;2015-01-04;11:43:54;1;S;12.50;7
206;2015-01-04;11:45:10;1;M;16.00;23
206;2015-01-04;11:45:10;1;S;9.75;18
206;2015-01-04;11:45:10;1;L;20.75;13
207;2015-01-04;12:03:58;1;L;20.75;13
208;2015-01-04;12:12:05;1;L;20.75;8
208;2015-01-04;12:12:05;1;S;12.75;8
208;2015-01-04;12:12:05;1;M;16.75;30
208;2015-01-04;12:12:05;1;M;12.50;18
208;2015-01-04;12:12:05;1;M;16.00;9
209;2015-01-04;12:29:17;1;L;20.75;17
210;2015-01-04;12:34:13;1;S;12.00;28
211;2015-01-04;12:54:20;1;S;9.75;18
212;2015-01-04;13:16:03;1;L;20.50;12
213;2015-01-04;13:20:39;1;L;17.95;22
214;2015-01-04;13:39:16;1;L;20.50;12
214;2015-01-04;13:39:16;1;M;16.50;4
214;2015-01-04;13:39:16;1;S;12.00;5
214;2015-01-04;13:39:16;1;M;16.50;14
215;2015-01-04;13:44:49;1;S;12.00;11
216;2015-01-04;14:31:56;1;M;16.75;8
216;2015-01-04;14:31:56;1;L;18.50;3
216;2015-01-04;14:31:56;1;L;16.50;1
217;2015-01-04;14:35:03;1;M;16.00;2
217;2015-01-04;14:35:03;1;S;12.00;28
218;2015-01-04;14:35:11;1;M;16.50;13
219;2015-01-04;14:42:01;1;L;20.75;8
219;2015-01-04;14:42:01;1;L;18.50;3
219;2015-01-04;14:42:01;1;M;16.50;27
219;2015-01-04;14:42:01;1;M;16.00;28
220;2015-01-04;15:31:59;1;S;10.50;1
220;2015-01-04;15:31:59;1;S;12.00;12
220;2015-01-04;15:31:59;1;L;20.50;23
220;2015-01-04;15:31:59;1;L;20.75;13
221;2015-01-04;15:33:18;1;L;18.50;3
221;2015-01-04;15:33:18;1;M;16.50;7
221;2015-01-04;15:33:18;1;S;12.00;9
222;2015-01-04;15:46:38;1;L;17.95;22
222;2015-01-04;15:46:38;1;S;12.25;29
223;2015-01-04;16:08:20;1;S;11.00;31
224;2015-01-04;16:39:58;1;S;12.75;30
224;2015-01-04;16:39:58;1;M;16.50;4
224;2015-01-04;16:39:58;1;M;16.00;23
224;2015-01-04;16:39:58;1;L;20.75;6
225;2015-01-04;16:41:48;1;L;20.75;8
225;2015-01-04;16:41:48;1;M;16.75;8
225;2015-01-04;16:41:48;1;S;12.75;16
226;2015-01-04;16:59:39;1;L;20.50;2
227;2015-01-04;17:24:39;1;M;16.75;8
227;2015-01-04;17:24:39;1;M;16.00;9
228;2015-01-04;17:31:24;1;S;12.75;25
229;2015-01-04;17:37:57;1;L;21.00;25
229;2015-01-04;17:37:57;1;L;20.75;7
229;2015-01-04;17:37:57;1;S;12.50;14
230;2015-01-04;17:58:38;1;M;16.75;6
231;2015-01-04;18:04:18;1;L;20.75;17
231;2015-01-04;18:04:18;1;S;12.00;23
231;2015-01-04;18:04:18;1;S;12.50;7
232;2015-01-04;18:21:59;1;M;16.75;8
232;2015-01-04;18:21:59;1;L;20.75;10
233;2015-01-04;18:26:51;1;S;12.00;28
234;2015-01-04;18:36:09;1;M;16.75;30
234;2015-01-04;18:36:09;1;S;12.50;4
234;2015-01-04;18:36:09;1;M;16.00;23
235;2015-01-04;18:51:30;1;M;16.75;17
236;2015-01-04;19:21:04;1;L;20.50;2
236;2015-01-04;19:21:04;1;M;16.00;11
237;2015-01-04;19:27:48;1;S;12.00;11
238;2015-01-04;19:45:15;1;L;20.75;14
239;2015-01-04;19:57:52;1;L;20.75;4
239;2015-01-04;19:57:52;1;M;16.75;6
240;2015-01-04;20:10:24;1;M;14.75;22
241;2015-01-04;20:11:25;1;M;16.25;29
241;2015-01-04;20:11:25;1;L;20.75;10
242;2015-01-04;20:15:29;1;M;16.25;24
242;2015-01-04;20:15:29;1;L;20.75;6
242;2015-01-04;20:15:29;1;M;16.00;15
243;2015-01-04;20:26:17;1;L;20.50;2
243;2015-01-04;20:26:17;1;S;12.50;10
244;2015-01-04;20:26:22;1;S;12.50;4
244;2015-01-04;20:26:22;1;L;20.75;13
245;2015-01-04;20:28:41;1;L;20.75;8
245;2015-01-04;20:28:41;1;L;20.75;19
246;2015-01-04;20:30:48;1;M;16.75;30
246;2015-01-04;20:30:48;1;L;15.25;18
247;2015-01-04;20:55:29;1;M;13.25;1
247;2015-01-04;20:55:29;1;M;16.25;29
247;2015-01-04;20:55:29;1;S;12.50;10
248;2015-01-04;20:58:19;1;S;10.50;1
248;2015-01-04;20:58:19;1;L;20.75;6
249;2015-01-04;21:06:16;1;L;20.75;8
249;2015-01-04;21:06:16;1;S;12.25;24
250;2015-01-04;21:07:05;1;M;14.75;22
251;2015-01-04;21:10:05;1;M;16.00;5
252;2015-01-04;22:13:15;1;M;16.50;7
253;2015-01-04;22:16:18;1;S;23.65;32
254;2015-01-04;22:22:13;1;L;20.75;8
254;2015-01-04;22:22:13;1;S;23.65;32
254;2015-01-04;22:22:13;1;L;18.50;3
255;2015-01-05;11:23:35;1;L;18.50;3
255;2015-01-05;11:23:35;1;M;16.00;11
255;2015-01-05;11:23:35;1;L;16.50;1
255;2015-01-05;11:23:35;1;M;16.00;28
256;2015-01-05;11:56:06;1;L;17.50;31
257;2015-01-05;11:59:04;1;L;20.75;17
257;2015-01-05;11:59:04;1;L;20.75;30
258;2015-01-05;11:59:23;1;M;16.00;2
259;2015-01-05;12:04:25;1;L;15.25;18
260;2015-01-05;12:06:27;1;L;18.50;3
260;2015-01-05;12:06:27;1;L;20.50;9
261;2015-01-05;12:38:29;1;S;23.65;32
262;2015-01-05;12:42:01;1;M;16.75;17
263;2015-01-05;12:57:22;1;L;20.75;14
264;2015-01-05;13:03:59;1;M;16.00;5
265;2015-01-05;13:04:42;1;M;16.75;30
265;2015-01-05;13:04:42;1;L;20.25;5
265;2015-01-05;13:04:42;1;M;16.25;29
265;2015-01-05;13:04:42;1;L;20.75;13
266;2015-01-05;13:09:29;1;M;16.50;27
267;2015-01-05;13:37:50;1;L;17.95;22
267;2015-01-05;13:37:50;1;L;20.25;26
267;2015-01-05;13:37:50;1;S;12.00;23
268;2015-01-05;13:40:46;1;L;20.75;4
268;2015-01-05;13:40:46;1;S;9.75;18
269;2015-01-05;13:49:34;1;M;16.75;30
270;2015-01-05;14:09:02;1;L;20.75;16
270;2015-01-05;14:09:02;1;L;20.75;14
270;2015-01-05;14:09:02;1;L;20.75;6
271;2015-01-05;14:22:19;1;S;12.00;20
271;2015-01-05;14:22:19;2;M;16.75;17
271;2015-01-05;14:22:19;2;M;16.75;30
271;2015-01-05;14:22:19;2;L;20.75;19
271;2015-01-05;14:22:19;1;M;16.00;2
271;2015-01-05;14:22:19;1;M;16.50;4
271;2015-01-05;14:22:19;1;S;12.25;29
271;2015-01-05;14:22:19;1;M;16.50;21
271;2015-01-05;14:22:19;1;M;16.75;16
271;2015-01-05;14:22:19;1;S;12.00;9
272;2015-01-05;14:24:05;1;M;16.50;4
273;2015-01-05;14:28:00;1;S;12.50;21
274;2015-01-05;14:36:33;1;L;17.95;22
274;2015-01-05;14:36:33;1;L;20.75;6
275;2015-01-05;14:38:14;1;L;20.50;2
275;2015-01-05;14:38:14;1;L;18.50;3
275;2015-01-05;14:38:14;1;S;9.75;18
275;2015-01-05;14:38:14;1;M;16.25;29
276;2015-01-05;15:18:18;1;L;18.50;3
276;2015-01-05;15:18:18;1;L;20.75;13
277;2015-01-05;15:41:50;1;M;14.75;22
278;2015-01-05;15:49:21;1;M;16.75;25
278;2015-01-05;15:49:21;1;L;20.75;16
279;2015-01-05;16:07:03;1;M;16.75;17
279;2015-01-05;16:07:03;1;M;16.75;30
280;2015-01-05;16:20:23;1;M;16.50;7
280;2015-01-05;16:20:23;1;M;16.00;15
281;2015-01-05;16:33:48;1;S;12.25;29
282;2015-01-05;16:49:38;1;S;12.00;2
282;2015-01-05;16:49:38;1;L;18.50;3
282;2015-01-05;16:49:38;1;L;20.75;27
282;2015-01-05;16:49:38;1;L;20.75;14
283;2015-01-05;16:51:43;1;M;16.00;23
284;2015-01-05;16:58:16;1;M;14.75;22
284;2015-01-05;16:58:16;1;S;10.50;1
284;2015-01-05;16:58:16;1;M;16.00;23
285;2015-01-05;16:58:38;1;L;20.75;7
286;2015-01-05;17:01:23;1;M;16.50;4
286;2015-01-05;17:01:23;1;L;20.75;27
287;2015-01-05;17:30:09;1;M;16.50;4
287;2015-01-05;17:30:09;1;M;14.50;31
287;2015-01-05;17:30:09;1;M;12.50;18
287;2015-01-05;17:30:09;1;S;12.25;29
288;2015-01-05;17:32:44;1;S;23.65;32
288;2015-01-05;17:32:44;1;L;20.75;7
288;2015-01-05;17:32:44;1;L;20.75;10
289;2015-01-05;17:36:23;1;L;18.50;3
290;2015-01-05;17:41:16;1;S;12.00;2
290;2015-01-05;17:41:16;1;M;16.00;15
291;2015-01-05;17:44:39;1;L;20.75;8
291;2015-01-05;17:44:39;2;M;16.75;30
291;2015-01-05;17:44:39;1;M;14.75;22
292;2015-01-05;17:48:59;1;M;16.50;14
292;2015-01-05;17:48:59;1;L;20.25;28
293;2015-01-05;17:58:38;1;S;12.00;2
293;2015-01-05;17:58:38;1;S;12.75;25
294;2015-01-05;18:16:35;1;M;16.75;8
294;2015-01-05;18:16:35;1;L;20.75;4
294;2015-01-05;18:16:35;1;L;20.75;6
295;2015-01-05;18:20:12;1;M;16.75;17
296;2015-01-05;18:46:54;1;S;12.00;11
296;2015-01-05;18:46:54;1;S;12.00;12
296;2015-01-05;18:46:54;1;M;16.75;6
297;2015-01-05;19:02:18;1;M;16.75;16
298;2015-01-05;19:10:36;1;M;16.75;17
298;2015-01-05;19:10:36;1;S;12.75;17
298;2015-01-05;19:10:36;1;M;16.75;30
298;2015-01-05;19:10:36;1;S;12.00;2
299;2015-01-05;19:34:31;1;S;12.00;2
299;2015-01-05;19:34:31;1;M;16.00;28
300;2015-01-05;19:42:54;1;S;12.00;20
300;2015-01-05;19:42:54;1;S;12.00;12
300;2015-01-05;19:42:54;1;S;12.75;25
300;2015-01-05;19:42:54;1;S;12.50;10
301;2015-01-05;19:45:58;1;L;20.50;23
302;2015-01-05;19:57:37;1;L;20.75;27
303;2015-01-05;20:02:51;1;S;12.00;20
303;2015-01-05;20:02:51;1;M;16.00;12
303;2015-01-05;20:02:51;1;S;9.75;18
304;2015-01-05;20:07:58;1;S;10.50;1
304;2015-01-05;20:07:58;1;L;20.25;5
305;2015-01-05;20:35:40;1;L;15.25;18
305;2015-01-05;20:35:40;1;S;12.25;29
305;2015-01-05;20:35:40;1;M;16.50;13
306;2015-01-05;20:37:40;1;S;12.00;20
306;2015-01-05;20:37:40;1;S;10.50;1
306;2015-01-05;20:37:40;1;M;16.00;23
307;2015-01-05;21:45:38;1;L;20.50;2
307;2015-01-05;21:45:38;1;M;16.75;6
308;2015-01-05;21:59:46;1;L;16.50;1
308;2015-01-05;21:59:46;1;L;17.50;31
308;2015-01-05;21:59:46;1;S;12.75;6
309;2015-01-06;11:39:06;1;L;18.50;3
309;2015-01-06;11:39:06;1;M;16.50;27
310;2015-01-06;11:40:48;1;S;10.50;1
310;2015-01-06;11:40:48;1;S;12.75;6
311;2015-01-06;11:57:27;1;L;20.25;29
312;2015-01-06;12:05:21;1;S;12.00;20
312;2015-01-06;12:05:21;1;S;23.65;32
312;2015-01-06;12:05:21;1;M;16.75;30
312;2015-01-06;12:05:21;1;M;16.25;29
313;2015-01-06;12:09:09;1;M;16.00;2
314;2015-01-06;12:11:58;1;M;16.25;24
314;2015-01-06;12:11:58;1;L;18.50;3
314;2015-01-06;12:11:58;1;M;16.00;11
314;2015-01-06;12:11:58;1;M;13.25;1
314;2015-01-06;12:11:58;1;M;16.00;15
315;2015-01-06;12:17:40;1;M;16.00;2
316;2015-01-06;12:29:34;1;S;10.50;1
316;2015-01-06;12:29:34;1;M;16.50;4
317;2015-01-06;12:31:00;1;S;12.75;17
317;2015-01-06;12:31:00;1;M;16.00;2
317;2015-01-06;12:31:00;1;L;17.95;22
317;2015-01-06;12:31:00;1;S;10.50;1
317;2015-01-06;12:31:00;1;L;17.50;31
317;2015-01-06;12:31:00;1;S;12.50;7
317;2015-01-06;12:31:00;1;S;12.00;28
318;2015-01-06;12:45:14;1;L;20.50;12
318;2015-01-06;12:45:14;1;L;20.25;5
318;2015-01-06;12:45:14;1;S;12.50;21
318;2015-01-06;12:45:14;1;L;20.75;13
319;2015-01-06;12:46:22;1;M;16.50;4
320;2015-01-06;12:46:40;1;M;16.75;17
320;2015-01-06;12:46:40;1;L;20.75;19
321;2015-01-06;12:56:21;1;L;20.75;4
322;2015-01-06;13:02:13;1;L;20.75;17
322;2015-01-06;13:02:13;1;L;20.75;19
322;2015-01-06;13:02:13;1;S;12.00;2
322;2015-01-06;13:02:13;1;L;20.75;6
323;2015-01-06;13:05:33;1;M;16.00;2
324;2015-01-06;13:06:44;1;L;18.50;3
325;2015-01-06;13:07:32;1;S;12.00;2
325;2015-01-06;13:07:32;1;S;12.00;15
326;2015-01-06;13:10:13;1;M;16.75;17
326;2015-01-06;13:10:13;1;L;20.75;10
327;2015-01-06;13:10:54;1;M;16.00;2
328;2015-01-06;13:16:35;1;L;20.25;26
329;2015-01-06;13:22:44;1;L;20.75;13
329;2015-01-06;13:22:44;1;M;16.50;10
330;2015-01-06;13:27:11;1;S;12.00;20
330;2015-01-06;13:27:11;1;M;16.75;30
330;2015-01-06;13:27:11;1;M;16.00;2
330;2015-01-06;13:27:11;1;S;12.00;2
330;2015-01-06;13:27:11;1;L;18.50;3
330;2015-01-06;13:27:11;2;L;17.95;22
330;2015-01-06;13:27:11;1;L;16.50;1
330;2015-01-06;13:27:11;1;L;17.50;31
330;2015-01-06;13:27:11;1;S;12.50;27
330;2015-01-06;13:27:11;1;L;20.25;29
330;2015-01-06;13:27:11;1;L;20.75;13
330;2015-01-06;13:27:11;1;M;16.50;13
330;2015-01-06;13:27:11;1;L;20.25;28
330;2015-01-06;13:27:11;1;M;16.00;9
331;2015-01-06;13:43:30;1;M;16.50;7
332;2015-01-06;14:12:01;1;M;16.25;29
332;2015-01-06;14:12:01;1;L;20.75;16
332;2015-01-06;14:12:01;1;M;16.75;6
333;2015-01-06;14:16:36;1;M;16.75;30
334;2015-01-06;14:24:18;1;L;20.25;24
334;2015-01-06;14:24:18;1;M;12.50;18
334;2015-01-06;14:24:18;1;M;16.75;16
334;2015-01-06;14:24:18;1;L;20.75;6
335;2015-01-06;14:24:47;1;L;20.25;26
336;2015-01-06;14:51:41;1;L;20.75;7
337;2015-01-06;15:03:12;1;L;16.50;1
337;2015-01-06;15:03:12;1;L;15.25;18
338;2015-01-06;15:18:26;1;L;20.25;5
338;2015-01-06;15:18:26;1;L;20.75;6
338;2015-01-06;15:18:26;1;XL;25.50;9
339;2015-01-06;15:25:13;1;M;16.50;13
340;2015-01-06;15:35:32;1;S;12.50;27
341;2015-01-06;15:35:47;1;M;16.75;8
341;2015-01-06;15:35:47;1;S;9.75;18
342;2015-01-06;15:44:12;1;L;20.25;29
342;2015-01-06;15:44:12;1;L;20.75;16
343;2015-01-06;15:45:37;1;L;18.50;3
343;2015-01-06;15:45:37;1;M;14.75;22
344;2015-01-06;16:01:11;1;M;16.00;12
345;2015-01-06;16:01:47;1;S;12.50;27
345;2015-01-06;16:01:47;1;S;12.00;28
346;2015-01-06;16:30:00;1;S;12.00;11
346;2015-01-06;16:30:00;1;S;10.50;1
346;2015-01-06;16:30:00;1;L;20.50;12
346;2015-01-06;16:30:00;1;S;12.00;23
347;2015-01-06;16:37:17;1;L;20.25;28
347;2015-01-06;16:37:17;1;L;20.75;6
347;2015-01-06;16:37:17;1;M;16.00;15
348;2015-01-06;16:49:12;1;M;16.00;2
348;2015-01-06;16:49:12;1;L;20.75;6
348;2015-01-06;16:49:12;1;S;12.75;6
349;2015-01-06;17:25:58;1;L;15.25;18
350;2015-01-06;17:37:05;1;L;20.50;2
350;2015-01-06;17:37:05;2;M;12.50;18
350;2015-01-06;17:37:05;1;S;12.50;13
351;2015-01-06;17:37:29;1;S;12.00;20
351;2015-01-06;17:37:29;1;M;13.25;1
352;2015-01-06;17:45:48;1;S;12.00;20
352;2015-01-06;17:45:48;1;L;20.50;12
353;2015-01-06;17:59:48;1;L;20.75;8
353;2015-01-06;17:59:48;1;L;20.75;17
353;2015-01-06;17:59:48;1;S;12.50;7
354;2015-01-06;18:01:44;1;S;12.00;11
354;2015-01-06;18:01:44;1;L;20.25;15
355;2015-01-06;18:14:45;1;M;16.75;30
355;2015-01-06;18:14:45;1;M;16.50;4
356;2015-01-06;18:16:05;1;M;16.75;30
357;2015-01-06;18:27:58;1;L;20.75;17
357;2015-01-06;18:27:58;1;S;12.75;16
357;2015-01-06;18:27:58;1;S;12.00;28
358;2015-01-06;18:30:12;1;M;16.50;4
359;2015-01-06;18:33:08;1;M;16.00;11
359;2015-01-06;18:33:08;1;L;20.75;6
360;2015-01-06;18:50:38;1;L;20.75;8
360;2015-01-06;18:50:38;1;S;12.00;11
360;2015-01-06;18:50:38;1;S;10.50;1
361;2015-01-06;19:12:38;2;S;12.00;20
361;2015-01-06;19:12:38;1;S;12.00;12
362;2015-01-06;19:13:36;1;M;16.75;8
362;2015-01-06;19:13:36;1;L;20.25;5
363;2015-01-06;19:20:31;1;L;20.25;26
363;2015-01-06;19:20:31;1;L;20.25;5
364;2015-01-06;19:27:24;1;M;16.50;4
364;2015-01-06;19:27:24;1;XL;25.50;9
365;2015-01-06;19:37:26;1;M;14.75;22
365;2015-01-06;19:37:26;1;L;20.25;26
365;2015-01-06;19:37:26;1;M;12.50;18
366;2015-01-06;20:04:20;1;L;20.50;12
367;2015-01-06;20:05:12;1;L;16.50;1
367;2015-01-06;20:05:12;1;M;16.00;28
368;2015-01-06;20:28:16;1;M;16.50;14
368;2015-01-06;20:28:16;1;L;20.75;6
369;2015-01-06;20:30:06;1;M;16.00;28
370;2015-01-06;21:02:30;1;L;17.95;22
370;2015-01-06;21:02:30;1;S;10.50;1
371;2015-01-06;21:15:20;1;M;12.50;18
372;2015-01-06;22:26:59;1;S;12.00;28
373;2015-01-07;11:45:18;1;S;12.75;19
373;2015-01-07;11:45:18;1;M;16.00;2
373;2015-01-07;11:45:18;1;L;20.25;29
374;2015-01-07;11:55:59;1;S;12.00;20
374;2015-01-07;11:55:59;1;M;16.75;30
374;2015-01-07;11:55:59;1;S;12.50;27
375;2015-01-07;11:58:36;1;M;16.00;5
376;2015-01-07;12:01:17;1;XL;25.50;9
376;2015-01-07;12:01:17;1;L;20.25;15
377;2015-01-07;12:03:18;1;M;13.25;1
377;2015-01-07;12:03:18;1;L;20.75;6
378;2015-01-07;12:19:37;1;S;12.75;25
379;2015-01-07;12:25:37;1;L;20.75;6
380;2015-01-07;12:32:10;1;M;16.25;24
380;2015-01-07;12:32:10;1;M;16.75;17
381;2015-01-07;12:33:06;1;M;16.75;16
382;2015-01-07;12:33:07;1;S;12.75;6
382;2015-01-07;12:33:07;1;M;16.00;15
383;2015-01-07;12:43:59;1;M;16.50;13
384;2015-01-07;12:51:46;1;S;10.50;1
384;2015-01-07;12:51:46;1;M;16.00;12
384;2015-01-07;12:51:46;1;M;16.00;26
384;2015-01-07;12:51:46;1;S;12.00;9
385;2015-01-07;12:54:19;1;L;20.25;15
386;2015-01-07;12:58:16;1;S;12.75;25
386;2015-01-07;12:58:16;1;M;16.50;21
386;2015-01-07;12:58:16;1;M;16.75;6
387;2015-01-07;13:03:14;1;S;12.75;8
387;2015-01-07;13:03:14;1;S;12.00;20
387;2015-01-07;13:03:14;1;M;16.75;19
387;2015-01-07;13:03:14;1;L;18.50;3
387;2015-01-07;13:03:14;1;S;9.75;18
387;2015-01-07;13:03:14;1;L;20.75;13
387;2015-01-07;13:03:14;1;S;12.00;28
388;2015-01-07;13:04:56;1;S;12.75;8
388;2015-01-07;13:04:56;1;M;16.75;30
388;2015-01-07;13:04:56;1;M;16.00;26
388;2015-01-07;13:04:56;1;S;12.00;15
389;2015-01-07;13:10:17;1;L;20.75;14
390;2015-01-07;13:15:32;1;L;17.50;31
391;2015-01-07;13:25:31;1;M;16.00;9
392;2015-01-07;13:36:47;1;S;12.00;20
392;2015-01-07;13:36:47;1;S;12.25;24
392;2015-01-07;13:36:47;1;L;20.75;17
392;2015-01-07;13:36:47;2;S;9.75;18
392;2015-01-07;13:36:47;1;L;20.75;7
392;2015-01-07;13:36:47;1;L;20.25;29
392;2015-01-07;13:36:47;1;L;20.75;21
392;2015-01-07;13:36:47;1;L;20.75;13
393;2015-01-07;13:48:31;1;S;12.00;11
393;2015-01-07;13:48:31;1;L;16.50;1
394;2015-01-07;14:02:18;1;S;12.00;20
394;2015-01-07;14:02:18;1;S;12.75;19
394;2015-01-07;14:02:18;1;L;16.50;1
394;2015-01-07;14:02:18;1;S;10.50;1
394;2015-01-07;14:02:18;1;L;17.50;31
394;2015-01-07;14:02:18;3;M;12.50;18
394;2015-01-07;14:02:18;1;S;9.75;18
394;2015-01-07;14:02:18;1;L;20.25;29
394;2015-01-07;14:02:18;1;L;20.75;13
394;2015-01-07;14:02:18;1;S;12.50;14
394;2015-01-07;14:02:18;1;L;20.75;6
394;2015-01-07;14:02:18;1;S;12.00;15
395;2015-01-07;14:11:08;1;M;16.00;23
396;2015-01-07;14:12:21;1;S;12.00;28
397;2015-01-07;14:31:10;2;L;18.50;3
397;2015-01-07;14:31:10;1;L;16.50;1
397;2015-01-07;14:31:10;1;M;12.50;18
398;2015-01-07;14:56:26;1;S;9.75;18
399;2015-01-07;15:47:49;1;M;16.75;8
399;2015-01-07;15:47:49;1;L;20.75;17
399;2015-01-07;15:47:49;1;M;14.75;22
399;2015-01-07;15:47:49;1;M;16.00;9
400;2015-01-07;16:03:07;1;M;12.50;18
400;2015-01-07;16:03:07;1;L;20.75;6
401;2015-01-07;16:08:35;1;M;16.00;15
402;2015-01-07;16:24:46;1;L;17.95;22
402;2015-01-07;16:24:46;1;M;16.50;4
403;2015-01-07;16:26:10;1;S;12.75;8
403;2015-01-07;16:26:10;1;L;20.50;2
403;2015-01-07;16:26:10;1;S;12.50;7
404;2015-01-07;16:39:27;1;L;20.75;19
405;2015-01-07;16:44:16;1;L;20.25;29
406;2015-01-07;16:50:49;1;M;16.75;30
406;2015-01-07;16:50:49;1;M;16.00;2
406;2015-01-07;16:50:49;1;S;12.75;25
407;2015-01-07;16:56:42;1;M;16.75;17
407;2015-01-07;16:56:42;1;L;20.50;2
407;2015-01-07;16:56:42;1;M;12.50;18
408;2015-01-07;17:09:09;1;S;23.65;32
408;2015-01-07;17:09:09;1;M;16.50;27
409;2015-01-07;17:15:04;1;L;15.25;18
410;2015-01-07;17:33:49;2;S;12.00;20
410;2015-01-07;17:33:49;1;M;16.00;26
410;2015-01-07;17:33:49;1;XL;25.50;9
411;2015-01-07;17:58:09;1;M;16.50;4
411;2015-01-07;17:58:09;1;L;20.75;16
412;2015-01-07;18:07:46;1;S;23.65;32
412;2015-01-07;18:07:46;1;M;16.50;10
413;2015-01-07;18:11:32;1;S;12.00;9
414;2015-01-07;18:13:22;1;S;12.00;2
414;2015-01-07;18:13:22;1;L;18.50;3
414;2015-01-07;18:13:22;1;M;16.50;4
415;2015-01-07;18:16:23;1;S;12.75;17
416;2015-01-07;18:17:42;1;L;20.25;28
417;2015-01-07;18:24:40;1;S;9.75;18
418;2015-01-07;18:40:11;1;M;16.75;19
418;2015-01-07;18:40:11;1;M;16.25;29
419;2015-01-07;19:02:31;1;L;20.75;8
419;2015-01-07;19:02:31;1;L;16.50;1
419;2015-01-07;19:02:31;1;M;16.75;25
419;2015-01-07;19:02:31;1;S;12.00;15
420;2015-01-07;19:04:40;1;L;18.50;3
420;2015-01-07;19:04:40;1;S;11.00;31
421;2015-01-07;19:21:58;1;L;20.75;8
421;2015-01-07;19:21:58;1;L;20.25;24
421;2015-01-07;19:21:58;1;S;12.75;19
422;2015-01-07;19:30:25;1;L;17.95;22
422;2015-01-07;19:30:25;1;M;16.50;4
422;2015-01-07;19:30:25;1;M;16.00;28
423;2015-01-07;19:45:07;1;L;20.75;4
423;2015-01-07;19:45:07;1;S;12.25;29
424;2015-01-07;20:01:28;1;M;12.50;18
425;2015-01-07;20:21:19;1;M;16.50;21
426;2015-01-07;20:25:45;1;M;16.00;2
426;2015-01-07;20:25:45;1;S;12.25;29
426;2015-01-07;20:25:45;1;M;16.50;21
427;2015-01-07;21:49:00;1;L;20.25;28
428;2015-01-07;22:05:00;1;L;20.25;24
428;2015-01-07;22:05:00;1;S;12.00;12
429;2015-01-07;22:16:53;1;M;16.50;13
430;2015-01-07;22:46:13;1;M;16.00;11
430;2015-01-07;22:46:13;1;S;12.25;29
431;2015-01-08;11:17:13;1;S;12.00;20
431;2015-01-08;11:17:13;1;S;12.75;30
431;2015-01-08;11:17:13;1;L;17.95;22
431;2015-01-08;11:17:13;1;L;16.50;1
432;2015-01-08;11:39:07;1;S;12.00;12
432;2015-01-08;11:39:07;1;L;20.75;6
432;2015-01-08;11:39:07;1;S;12.00;15
433;2015-01-08;11:49:50;1;L;20.75;13
434;2015-01-08;11:54:14;1;M;16.00;23
434;2015-01-08;11:54:14;1;L;20.75;13
434;2015-01-08;11:54:14;1;L;20.25;15
435;2015-01-08;12:06:09;1;M;16.00;2
435;2015-01-08;12:06:09;1;M;14.50;31
435;2015-01-08;12:06:09;1;S;12.50;10
436;2015-01-08;12:07:21;1;L;20.50;2
436;2015-01-08;12:07:21;1;M;16.50;4
436;2015-01-08;12:07:21;1;S;11.00;31
436;2015-01-08;12:07:21;1;S;12.50;27
437;2015-01-08;12:07:54;1;M;16.75;8
438;2015-01-08;12:08:38;1;M;16.00;15
439;2015-01-08;12:13:08;1;M;16.75;30
439;2015-01-08;12:13:08;1;M;12.50;18
439;2015-01-08;12:13:08;1;S;12.00;9
440;2015-01-08;12:16:34;1;M;16.25;24
440;2015-01-08;12:16:34;1;M;16.75;30
440;2015-01-08;12:16:34;1;L;18.50;3
440;2015-01-08;12:16:34;1;L;17.95;22
440;2015-01-08;12:16:34;1;M;14.75;22
440;2015-01-08;12:16:34;1;L;20.25;11
440;2015-01-08;12:16:34;1;M;16.00;11
440;2015-01-08;12:16:34;1;L;16.50;1
440;2015-01-08;12:16:34;1;L;21.00;25
440;2015-01-08;12:16:34;1;L;15.25;18
440;2015-01-08;12:16:34;1;L;20.75;13
440;2015-01-08;12:16:34;1;S;12.00;28
440;2015-01-08;12:16:34;1;L;20.75;6
440;2015-01-08;12:16:34;1;M;16.00;15
441;2015-01-08;12:16:58;1;L;20.75;13
441;2015-01-08;12:16:58;1;L;20.75;6
442;2015-01-08;12:28:49;1;L;20.75;27
443;2015-01-08;12:34:20;1;S;12.00;20
443;2015-01-08;12:34:20;2;M;16.75;17
443;2015-01-08;12:34:20;1;L;17.95;22
443;2015-01-08;12:34:20;1;M;16.00;12
443;2015-01-08;12:34:20;1;M;16.75;25
443;2015-01-08;12:34:20;1;L;20.25;5
443;2015-01-08;12:34:20;1;L;15.25;18
443;2015-01-08;12:34:20;1;L;20.25;29
443;2015-01-08;12:34:20;1;M;16.25;29
443;2015-01-08;12:34:20;1;M;16.75;16
443;2015-01-08;12:34:20;1;L;20.75;13
443;2015-01-08;12:34:20;1;S;12.50;13
443;2015-01-08;12:34:20;1;M;16.50;10
443;2015-01-08;12:34:20;1;M;16.75;6
444;2015-01-08;12:40:05;1;M;14.75;22
445;2015-01-08;12:57:39;1;L;16.50;1
446;2015-01-08;12:58:01;1;S;12.00;20
446;2015-01-08;12:58:01;1;M;16.75;25
446;2015-01-08;12:58:01;1;L;20.25;29
447;2015-01-08;13:02:00;1;L;18.50;3
448;2015-01-08;13:03:34;1;S;10.50;1
448;2015-01-08;13:03:34;1;M;14.50;31
448;2015-01-08;13:03:34;1;M;16.25;29
449;2015-01-08;13:04:15;1;L;20.75;6
450;2015-01-08;13:07:53;1;S;12.00;20
451;2015-01-08;13:19:06;1;L;18.50;3
451;2015-01-08;13:19:06;1;M;16.00;12
451;2015-01-08;13:19:06;1;L;20.75;16
452;2015-01-08;13:24:11;1;M;16.75;8
452;2015-01-08;13:24:11;1;S;12.00;20
452;2015-01-08;13:24:11;1;M;16.25;29
453;2015-01-08;13:27:14;1;S;12.75;17
453;2015-01-08;13:27:14;1;L;17.95;22
453;2015-01-08;13:27:14;1;M;16.25;29
453;2015-01-08;13:27:14;1;L;20.75;6
454;2015-01-08;13:31:40;1;M;16.50;13
455;2015-01-08;13:39:14;1;L;20.75;4
456;2015-01-08;13:47:53;1;L;20.25;28
457;2015-01-08;13:59:04;1;L;20.75;17
457;2015-01-08;13:59:04;1;M;16.75;30
457;2015-01-08;13:59:04;1;M;16.00;2
458;2015-01-08;14:00:05;1;M;16.50;7
458;2015-01-08;14:00:05;1;M;16.50;10
458;2015-01-08;14:00:05;1;S;12.00;9
459;2015-01-08;14:14:02;1;L;20.75;13
460;2015-01-08;14:19:58;1;S;12.00;11
460;2015-01-08;14:19:58;1;M;16.50;4
461;2015-01-08;14:21:19;1;M;16.75;17
461;2015-01-08;14:21:19;1;S;10.50;1
462;2015-01-08;14:38:41;1;S;12.00;28
463;2015-01-08;14:40:28;1;L;20.75;8
463;2015-01-08;14:40:28;1;M;16.50;7
464;2015-01-08;14:49:01;1;L;20.75;8
464;2015-01-08;14:49:01;1;M;16.25;24
465;2015-01-08;14:55:23;1;S;12.00;23
466;2015-01-08;15:30:10;1;L;20.25;28
466;2015-01-08;15:30:10;1;XL;25.50;9
467;2015-01-08;15:33:13;1;S;12.50;7
468;2015-01-08;15:36:12;1;L;17.95;22
468;2015-01-08;15:36:12;1;L;15.25;18
469;2015-01-08;15:37:18;1;M;16.75;8
469;2015-01-08;15:37:18;1;S;12.25;29
470;2015-01-08;15:49:13;1;S;12.00;15
471;2015-01-08;16:20:26;1;S;12.75;25
472;2015-01-08;16:29:50;1;L;21.00;25
472;2015-01-08;16:29:50;1;M;16.75;25
473;2015-01-08;16:41:27;1;L;16.50;1
473;2015-01-08;16:41:27;1;M;16.50;7
473;2015-01-08;16:41:27;1;M;16.75;16
474;2015-01-08;16:47:48;1;S;12.00;11
474;2015-01-08;16:47:48;1;S;9.75;18
475;2015-01-08;17:15:17;1;S;12.00;20
475;2015-01-08;17:15:17;1;L;20.75;6
476;2015-01-08;17:27:56;1;M;12.50;18
476;2015-01-08;17:27:56;1;L;20.75;7
476;2015-01-08;17:27:56;1;M;16.00;15
477;2015-01-08;17:30:04;1;M;16.00;11
477;2015-01-08;17:30:04;1;M;16.00;5
478;2015-01-08;17:35:56;1;M;16.25;24
478;2015-01-08;17:35:56;1;M;16.75;30
479;2015-01-08;17:37:03;1;L;18.50;3
479;2015-01-08;17:37:03;2;L;20.50;12
480;2015-01-08;17:41:31;1;M;12.50;18
481;2015-01-08;17:41:37;1;S;9.75;18
481;2015-01-08;17:41:37;1;S;12.00;28
482;2015-01-08;17:52:42;1;L;20.25;11
482;2015-01-08;17:52:42;1;M;16.50;4
482;2015-01-08;17:52:42;1;S;12.50;13
483;2015-01-08;17:54:05;1;L;20.75;8
483;2015-01-08;17:54:05;1;S;12.00;23
483;2015-01-08;17:54:05;1;S;11.00;31
483;2015-01-08;17:54:05;1;M;16.50;13
484;2015-01-08;18:02:54;1;L;17.95;22
484;2015-01-08;18:02:54;1;L;20.25;5
485;2015-01-08;18:07:31;1;M;16.75;17
486;2015-01-08;18:15:08;1;S;12.50;10
487;2015-01-08;18:30:16;1;S;10.50;1
487;2015-01-08;18:30:16;1;L;20.25;29
487;2015-01-08;18:30:16;1;L;20.25;28
488;2015-01-08;18:46:02;1;M;16.00;15
489;2015-01-08;18:48:43;1;L;20.75;27
490;2015-01-08;18:49:24;1;S;12.00;20
490;2015-01-08;18:49:24;1;M;16.00;2
490;2015-01-08;18:49:24;1;M;16.00;23
491;2015-01-08;19:01:12;1;S;12.00;23
491;2015-01-08;19:01:12;1;L;15.25;18
491;2015-01-08;19:01:12;1;L;20.75;27
491;2015-01-08;19:01:12;1;M;16.50;7
492;2015-01-08;19:06:21;1;L;20.75;19
492;2015-01-08;19:06:21;1;M;16.25;29
492;2015-01-08;19:06:21;1;M;16.00;28
493;2015-01-08;19:31:47;1;L;20.75;4
494;2015-01-08;19:38:40;1;L;18.50;3
494;2015-01-08;19:38:40;1;L;17.95;22
494;2015-01-08;19:38:40;1;L;20.25;5
494;2015-01-08;19:38:40;1;L;20.75;16
495;2015-01-08;19:42:52;1;M;16.50;4
495;2015-01-08;19:42:52;1;L;20.25;29
496;2015-01-08;19:46:18;1;L;16.50;1
496;2015-01-08;19:46:18;1;S;12.50;21
497;2015-01-08;19:49:26;1;S;12.00;15
498;2015-01-08;20:02:25;1;M;16.50;4
499;2015-01-08;21:10:46;1;S;12.25;24
499;2015-01-08;21:10:46;1;L;17.95;22
499;2015-01-08;21:10:46;1;M;16.00;5
499;2015-01-08;21:10:46;1;M;14.50;31
500;2015-01-08;21:46:49;1;M;16.00;26
501;2015-01-08;21:51:31;1;S;12.75;17
501;2015-01-08;21:51:31;1;S;10.50;1
501;2015-01-08;21:51:31;1;L;20.75;16
502;2015-01-08;22:26:08;1;M;16.75;25
503;2015-01-09;11:16:21;1;L;15.25;18
503;2015-01-09;11:16:21;1;M;16.25;29
504;2015-01-09;11:48:18;1;L;20.50;9
505;2015-01-09;11:55:10;1;M;12.50;18
505;2015-01-09;11:55:10;1;XL;25.50;9
506;2015-01-09;12:02:09;1;M;16.00;28
507;2015-01-09;12:06:03;1;S;12.75;19
508;2015-01-09;12:13:32;1;M;16.75;17
508;2015-01-09;12:13:32;1;S;12.75;17
508;2015-01-09;12:13:32;1;M;12.50;18
509;2015-01-09;12:13:58;1;L;20.75;13
510;2015-01-09;12:15:03;1;M;16.00;2
510;2015-01-09;12:15:03;1;S;12.00;2
510;2015-01-09;12:15:03;1;L;20.75;4
510;2015-01-09;12:15:03;1;L;20.75;13
511;2015-01-09;12:18:21;1;L;18.50;3
512;2015-01-09;12:19:24;1;M;16.75;25
513;2015-01-09;12:22:48;1;L;17.95;22
513;2015-01-09;12:22:48;1;M;16.75;25
513;2015-01-09;12:22:48;1;L;15.25;18
513;2015-01-09;12:22:48;1;L;20.75;6
514;2015-01-09;12:26:47;1;S;12.00;2
515;2015-01-09;13:07:37;1;L;20.75;19
515;2015-01-09;13:07:37;1;L;20.25;26
516;2015-01-09;13:09:09;1;L;20.50;23
516;2015-01-09;13:09:09;1;L;20.25;15
517;2015-01-09;13:09:11;1;M;16.00;5
518;2015-01-09;13:11:25;1;S;12.00;20
518;2015-01-09;13:11:25;1;L;20.75;7
518;2015-01-09;13:11:25;1;S;12.25;29
519;2015-01-09;13:15:20;1;S;12.50;7
520;2015-01-09;13:22:33;1;L;20.75;14
521;2015-01-09;13:43:07;1;S;12.75;6
522;2015-01-09;14:09:33;1;S;12.75;8
522;2015-01-09;14:09:33;1;S;12.00;20
522;2015-01-09;14:09:33;1;S;12.00;2
522;2015-01-09;14:09:33;1;L;18.50;3
522;2015-01-09;14:09:33;2;L;17.95;22
522;2015-01-09;14:09:33;1;S;12.00;11
522;2015-01-09;14:09:33;2;M;16.00;12
522;2015-01-09;14:09:33;1;L;21.00;25
522;2015-01-09;14:09:33;1;L;20.25;29
522;2015-01-09;14:09:33;1;L;20.50;9
522;2015-01-09;14:09:33;1;M;16.00;9
523;2015-01-09;14:42:14;1;M;16.50;7
524;2015-01-09;14:51:35;1;S;12.25;29
524;2015-01-09;14:51:35;1;M;16.75;6
525;2015-01-09;15:08:46;1;L;15.25;18
526;2015-01-09;15:10:13;1;L;20.75;17
526;2015-01-09;15:10:13;1;L;18.50;3
527;2015-01-09;15:23:37;1;L;17.95;22
527;2015-01-09;15:23:37;1;L;20.75;16
528;2015-01-09;15:27:21;1;M;16.00;12
529;2015-01-09;15:31:01;1;M;16.25;24
529;2015-01-09;15:31:01;2;M;16.75;17
529;2015-01-09;15:31:01;1;S;10.50;1
530;2015-01-09;15:43:01;1;L;20.50;2
530;2015-01-09;15:43:01;1;M;16.50;4
531;2015-01-09;15:58:10;2;M;16.50;27
532;2015-01-09;16:14:28;1;L;20.75;27
532;2015-01-09;16:14:28;1;S;12.50;21
533;2015-01-09;16:28:43;1;L;18.50;3
533;2015-01-09;16:28:43;1;L;20.75;13
533;2015-01-09;16:28:43;1;XL;25.50;9
534;2015-01-09;16:43:32;1;L;20.75;7
534;2015-01-09;16:43:32;1;L;20.75;16
535;2015-01-09;17:08:47;1;M;16.00;2
536;2015-01-09;17:18:50;1;S;23.65;32
536;2015-01-09;17:18:50;1;L;20.75;27
537;2015-01-09;17:23:52;1;S;12.00;2
537;2015-01-09;17:23:52;1;S;10.50;1
537;2015-01-09;17:23:52;1;L;20.75;4
538;2015-01-09;17:44:04;1;L;20.75;10
539;2015-01-09;17:51:34;1;L;18.50;3
539;2015-01-09;17:51:34;1;L;21.00;25
539;2015-01-09;17:51:34;1;M;16.00;28
540;2015-01-09;17:52:41;1;L;20.75;10
541;2015-01-09;18:07:47;1;S;12.00;20
542;2015-01-09;18:08:06;1;L;20.75;8
542;2015-01-09;18:08:06;1;M;16.50;7
543;2015-01-09;18:23:59;1;L;20.75;19
543;2015-01-09;18:23:59;1;M;16.00;2
543;2015-01-09;18:23:59;1;M;16.00;26
544;2015-01-09;18:31:04;1;M;16.00;23
544;2015-01-09;18:31:04;1;M;16.25;29
545;2015-01-09;18:46:28;1;L;15.25;18
545;2015-01-09;18:46:28;1;S;9.75;18
545;2015-01-09;18:46:28;1;L;20.75;27
545;2015-01-09;18:46:28;1;L;20.75;21
546;2015-01-09;18:47:27;1;S;12.00;11
547;2015-01-09;18:49:23;1;S;12.00;20
548;2015-01-09;19:06:09;1;L;16.50;1
549;2015-01-09;19:06:34;1;S;12.00;20
549;2015-01-09;19:06:34;1;L;20.75;6
550;2015-01-09;19:12:59;1;M;16.00;28
550;2015-01-09;19:12:59;1;M;16.00;9
551;2015-01-09;19:26:24;1;L;17.95;22
551;2015-01-09;19:26:24;1;M;16.50;21
551;2015-01-09;19:26:24;1;L;20.75;6
551;2015-01-09;19:26:24;1;M;16.00;9
552;2015-01-09;19:31:25;1;M;16.75;30
552;2015-01-09;19:31:25;1;S;12.00;11
552;2015-01-09;19:31:25;1;L;20.75;4
553;2015-01-09;20:14:47;1;L;20.25;5
554;2015-01-09;20:15:51;1;M;16.75;30
554;2015-01-09;20:15:51;1;S;12.00;11
555;2015-01-09;20:18:25;1;S;12.75;8
555;2015-01-09;20:18:25;1;S;10.50;1
556;2015-01-09;20:23:12;1;L;17.95;22
556;2015-01-09;20:23:12;1;XL;25.50;9
557;2015-01-09;20:30:06;1;S;12.25;29
557;2015-01-09;20:30:06;1;S;12.50;13
558;2015-01-09;20:51:10;1;M;13.25;1
559;2015-01-09;21:10:16;1;S;12.00;2
560;2015-01-09;21:13:48;1;M;16.00;11
560;2015-01-09;21:13:48;1;M;16.50;13
561;2015-01-09;21:47:56;1;S;12.50;10
562;2015-01-09;22:04:05;1;M;16.75;30
563;2015-01-09;22:19:03;1;L;20.25;5
563;2015-01-09;22:19:03;1;S;12.00;15
564;2015-01-09;22:32:32;1;S;12.00;26
564;2015-01-09;22:32:32;1;M;12.50;18
564;2015-01-09;22:32:32;1;L;20.75;10
565;2015-01-10;12:11:19;1;S;12.75;25
566;2015-01-10;12:21:19;1;L;20.75;10
567;2015-01-10;12:27:47;1;L;20.75;8
567;2015-01-10;12:27:47;2;L;18.50;3
567;2015-01-10;12:27:47;1;M;14.75;22
567;2015-01-10;12:27:47;1;M;12.50;18
567;2015-01-10;12:27:47;1;M;16.25;29
567;2015-01-10;12:27:47;1;S;12.25;29
567;2015-01-10;12:27:47;1;L;20.75;21
567;2015-01-10;12:27:47;1;L;20.75;13
567;2015-01-10;12:27:47;1;M;16.50;10
567;2015-01-10;12:27:47;1;S;12.75;6
568;2015-01-10;12:28:53;1;L;20.25;5
569;2015-01-10;12:37:10;1;S;12.75;8
569;2015-01-10;12:37:10;1;M;16.75;30
569;2015-01-10;12:37:10;1;S;12.00;2
570;2015-01-10;13:13:59;1;M;16.00;11
570;2015-01-10;13:13:59;1;L;20.75;16
571;2015-01-10;13:14:47;1;S;12.00;20
572;2015-01-10;13:15:32;1;M;16.75;16
573;2015-01-10;13:39:33;1;M;16.00;2
573;2015-01-10;13:39:33;1;L;18.50;3
574;2015-01-10;13:40:54;1;M;16.75;25
575;2015-01-10;13:41:04;1;L;20.50;2
575;2015-01-10;13:41:04;1;L;20.50;23
575;2015-01-10;13:41:04;1;L;15.25;18
575;2015-01-10;13:41:04;1;M;16.00;28
576;2015-01-10;13:44:22;1;S;12.00;20
576;2015-01-10;13:44:22;1;M;16.75;30
576;2015-01-10;13:44:22;1;S;12.00;28
577;2015-01-10;13:45:00;1;M;16.00;28
577;2015-01-10;13:45:00;1;L;20.25;15
578;2015-01-10;13:48:49;1;S;12.75;8
578;2015-01-10;13:48:49;1;M;16.25;24
578;2015-01-10;13:48:49;1;L;15.25;18
578;2015-01-10;13:48:49;1;M;16.50;27
578;2015-01-10;13:48:49;1;XL;25.50;9
579;2015-01-10;13:51:19;1;S;12.00;11
580;2015-01-10;13:56:01;1;M;13.25;1
580;2015-01-10;13:56:01;1;M;16.75;16
581;2015-01-10;14:13:01;1;L;20.25;5
582;2015-01-10;14:24:14;1;L;20.25;26
583;2015-01-10;14:33:19;1;L;20.75;4
584;2015-01-10;15:05:29;1;S;12.25;29
584;2015-01-10;15:05:29;1;S;12.50;21
585;2015-01-10;15:58:42;1;S;23.65;32
585;2015-01-10;15:58:42;1;L;20.25;5
586;2015-01-10;16:09:57;1;M;16.00;12
586;2015-01-10;16:09:57;1;M;16.75;16
587;2015-01-10;16:32:36;1;L;20.75;27
587;2015-01-10;16:32:36;1;S;12.50;27
588;2015-01-10;16:33:36;1;S;12.75;17
589;2015-01-10;17:12:39;1;S;12.50;4
589;2015-01-10;17:12:39;1;M;16.00;26
589;2015-01-10;17:12:39;1;S;12.00;15
590;2015-01-10;17:23:39;1;L;18.50;3
591;2015-01-10;17:32:54;1;L;17.95;22
591;2015-01-10;17:32:54;1;S;12.75;16
591;2015-01-10;17:32:54;1;L;20.75;14
592;2015-01-10;17:41:55;1;S;12.75;25
592;2015-01-10;17:41:55;1;M;14.50;31
592;2015-01-10;17:41:55;1;L;20.75;6
593;2015-01-10;17:48:57;1;L;20.75;17
593;2015-01-10;17:48:57;1;L;20.75;13
594;2015-01-10;17:50:19;1;L;20.25;24
595;2015-01-10;18:12:28;1;L;20.50;2
595;2015-01-10;18:12:28;1;M;16.50;7
596;2015-01-10;18:24:07;1;S;11.00;31
596;2015-01-10;18:24:07;1;S;12.50;21
597;2015-01-10;18:32:36;1;L;20.75;17
597;2015-01-10;18:32:36;1;M;16.50;7
597;2015-01-10;18:32:36;1;M;16.50;13
598;2015-01-10;18:34:14;1;L;20.75;7
599;2015-01-10;18:34:27;1;L;20.75;27
600;2015-01-10;18:53:52;1;S;12.00;2
600;2015-01-10;18:53:52;1;L;17.95;22
600;2015-01-10;18:53:52;1;M;16.00;26
600;2015-01-10;18:53:52;1;M;16.00;5
601;2015-01-10;18:58:19;1;L;20.75;8
601;2015-01-10;18:58:19;1;S;12.00;2
601;2015-01-10;18:58:19;1;M;16.50;14
602;2015-01-10;19:02:27;1;L;20.75;27
603;2015-01-10;19:03:11;1;M;16.00;5
604;2015-01-10;19:13:29;1;S;12.50;21
604;2015-01-10;19:13:29;1;M;16.50;10
605;2015-01-10;19:23:51;1;M;12.50;18
605;2015-01-10;19:23:51;1;XL;25.50;9
606;2015-01-10;19:27:18;1;L;15.25;18
607;2015-01-10;19:36:16;1;M;16.75;8
607;2015-01-10;19:36:16;1;M;16.50;4
607;2015-01-10;19:36:16;1;L;20.75;10
608;2015-01-10;19:36:33;1;L;16.50;1
608;2015-01-10;19:36:33;1;M;12.50;18
608;2015-01-10;19:36:33;1;L;20.75;6
608;2015-01-10;19:36:33;1;S;12.75;6
609;2015-01-10;19:39:32;1;L;17.95;22
610;2015-01-10;19:51:02;1;S;12.00;20
610;2015-01-10;19:51:02;1;L;15.25;18
611;2015-01-10;19:58:10;1;L;18.50;3
611;2015-01-10;19:58:10;1;S;12.00;5
611;2015-01-10;19:58:10;1;M;16.75;16
611;2015-01-10;19:58:10;1;XL;25.50;9
612;2015-01-10;19:58:15;1;S;12.00;20
612;2015-01-10;19:58:15;1;L;20.75;4
612;2015-01-10;19:58:15;1;L;20.25;5
612;2015-01-10;19:58:15;1;S;12.50;21
613;2015-01-10;20:10:44;1;S;12.00;23
614;2015-01-10;20:12:33;1;L;20.75;27
615;2015-01-10;20:14:03;1;L;20.75;17
615;2015-01-10;20:14:03;1;M;14.50;31
616;2015-01-10;20:20:10;1;L;20.75;7
616;2015-01-10;20:20:10;1;M;16.00;15
617;2015-01-10;20:27:26;1;L;20.75;19
617;2015-01-10;20:27:26;1;M;16.75;16
618;2015-01-10;20:31:14;1;M;16.50;7
618;2015-01-10;20:31:14;1;M;16.50;14
619;2015-01-10;20:41:58;1;L;20.50;12
620;2015-01-10;20:45:45;1;L;20.75;8
620;2015-01-10;20:45:45;1;M;16.75;17
620;2015-01-10;20:45:45;1;M;16.50;27
620;2015-01-10;20:45:45;1;S;12.00;9
621;2015-01-10;20:49:29;1;M;16.25;24
621;2015-01-10;20:49:29;1;L;17.95;22
621;2015-01-10;20:49:29;1;L;20.25;5
621;2015-01-10;20:49:29;1;L;20.75;13
622;2015-01-10;20:57:41;1;M;16.50;4
622;2015-01-10;20:57:41;1;L;20.75;13
623;2015-01-10;21:21:21;1;L;20.75;17
623;2015-01-10;21:21:21;1;L;16.50;1
624;2015-01-10;21:22:44;1;M;16.75;17
624;2015-01-10;21:22:44;1;M;16.00;15
625;2015-01-10;21:50:23;1;L;20.25;28
625;2015-01-10;21:50:23;1;M;16.50;10
626;2015-01-10;21:55:12;1;M;16.00;2
626;2015-01-10;21:55:12;1;M;14.75;22
627;2015-01-10;22:18:35;1;L;20.50;9
627;2015-01-10;22:18:35;1;M;16.00;9
628;2015-01-10;22:47:17;1;L;20.50;2
628;2015-01-10;22:47:17;1;S;12.75;25
628;2015-01-10;22:47:17;1;S;12.00;9
628;2015-01-10;22:47:17;1;S;12.00;15
629;2015-01-10;22:48:39;1;M;16.25;24
629;2015-01-10;22:48:39;1;L;18.50;3
629;2015-01-10;22:48:39;1;M;14.50;31
629;2015-01-10;22:48:39;1;L;20.75;14
630;2015-01-11;11:42:08;1;S;12.25;29
631;2015-01-11;11:44:36;1;L;15.25;18
632;2015-01-11;11:44:52;1;S;12.00;2
633;2015-01-11;11:51:45;1;L;20.25;26
633;2015-01-11;11:51:45;1;L;15.25;18
633;2015-01-11;11:51:45;1;L;20.75;27
634;2015-01-11;12:14:15;1;L;15.25;18
635;2015-01-11;12:18:31;1;L;20.25;24
635;2015-01-11;12:18:31;2;S;12.75;17
635;2015-01-11;12:18:31;1;S;10.50;1
635;2015-01-11;12:18:31;1;L;20.25;5
635;2015-01-11;12:18:31;1;M;12.50;18
635;2015-01-11;12:18:31;1;S;9.75;18
635;2015-01-11;12:18:31;1;S;12.50;27
635;2015-01-11;12:18:31;1;S;12.25;29
635;2015-01-11;12:18:31;1;L;20.25;28
635;2015-01-11;12:18:31;1;S;12.00;28
636;2015-01-11;12:34:44;1;M;16.00;2
637;2015-01-11;12:44:10;1;L;20.50;9
637;2015-01-11;12:44:10;1;M;16.00;15
638;2015-01-11;12:49:26;1;L;20.25;5
639;2015-01-11;13:23:21;1;M;14.50;31
640;2015-01-11;13:28:08;1;S;12.75;17
640;2015-01-11;13:28:08;1;L;20.75;19
640;2015-01-11;13:28:08;1;S;12.00;23
641;2015-01-11;13:37:46;1;M;12.50;18
641;2015-01-11;13:37:46;1;L;20.75;16
641;2015-01-11;13:37:46;1;M;16.50;14
641;2015-01-11;13:37:46;1;S;12.00;28
642;2015-01-11;13:40:00;1;M;16.25;24
642;2015-01-11;13:40:00;1;L;20.75;17
642;2015-01-11;13:40:00;1;L;20.75;4
642;2015-01-11;13:40:00;1;L;20.75;21
643;2015-01-11;13:43:19;1;M;16.00;28
644;2015-01-11;13:52:52;1;L;20.75;4
644;2015-01-11;13:52:52;1;M;16.50;27
645;2015-01-11;14:03:45;1;M;16.75;8
645;2015-01-11;14:03:45;1;S;12.00;20
646;2015-01-11;14:07:26;1;S;10.50;1
646;2015-01-11;14:07:26;1;L;20.75;6
647;2015-01-11;14:07:35;1;S;10.50;1
648;2015-01-11;14:17:17;1;L;17.95;22
648;2015-01-11;14:17:17;1;M;12.50;18
649;2015-01-11;14:29:23;1;S;12.75;17
649;2015-01-11;14:29:23;1;M;12.50;18
649;2015-01-11;14:29:23;1;M;16.50;27
649;2015-01-11;14:29:23;1;S;12.25;29
650;2015-01-11;14:34:05;1;M;12.50;18
651;2015-01-11;14:49:35;1;S;12.75;8
651;2015-01-11;14:49:35;1;M;16.25;24
651;2015-01-11;14:49:35;1;M;12.50;18
652;2015-01-11;16:03:38;1;S;12.00;20
652;2015-01-11;16:03:38;1;M;16.75;30
652;2015-01-11;16:03:38;1;S;12.75;19
652;2015-01-11;16:03:38;1;S;12.50;7
653;2015-01-11;16:18:23;1;S;12.75;6
654;2015-01-11;16:34:07;1;L;20.25;5
654;2015-01-11;16:34:07;1;L;20.25;29
654;2015-01-11;16:34:07;1;M;16.50;14
655;2015-01-11;16:43:33;1;M;16.50;4
656;2015-01-11;16:44:49;1;L;20.75;6
656;2015-01-11;16:44:49;1;L;20.25;15
657;2015-01-11;16:45:47;1;M;16.75;8
657;2015-01-11;16:45:47;1;M;16.00;2
658;2015-01-11;16:55:24;1;M;16.00;23
658;2015-01-11;16:55:24;1;S;12.50;27
658;2015-01-11;16:55:24;1;M;16.00;15
659;2015-01-11;16:56:39;1;M;16.50;4
659;2015-01-11;16:56:39;1;L;20.25;29
660;2015-01-11;17:09:36;1;S;12.75;8
660;2015-01-11;17:09:36;1;M;16.50;4
661;2015-01-11;17:18:14;1;S;12.00;23
662;2015-01-11;17:21:49;1;L;20.75;8
662;2015-01-11;17:21:49;1;S;12.50;7
663;2015-01-11;17:29:14;1;L;17.95;22
664;2015-01-11;17:35:14;1;M;16.25;24
664;2015-01-11;17:35:14;1;L;20.75;4
664;2015-01-11;17:35:14;1;L;15.25;18
665;2015-01-11;17:42:23;1;M;16.75;8
665;2015-01-11;17:42:23;1;S;12.00;26
666;2015-01-11;17:42:25;1;L;16.50;1
667;2015-01-11;18:13:08;1;S;12.00;20
667;2015-01-11;18:13:08;1;S;9.75;18
668;2015-01-11;18:13:12;1;M;16.50;4
668;2015-01-11;18:13:12;1;L;20.25;5
668;2015-01-11;18:13:12;1;L;20.75;27
668;2015-01-11;18:13:12;1;M;16.50;13
669;2015-01-11;18:40:44;1;L;20.50;12
669;2015-01-11;18:40:44;1;L;20.25;5
670;2015-01-11;18:46:25;1;S;12.00;12
670;2015-01-11;18:46:25;1;M;16.50;21
671;2015-01-11;19:18:42;1;S;12.75;19
672;2015-01-11;19:18:46;1;M;16.00;11
672;2015-01-11;19:18:46;1;L;20.75;13
673;2015-01-11;19:28:13;1;L;20.75;21
673;2015-01-11;19:28:13;1;M;16.75;6
674;2015-01-11;19:33:05;1;M;16.75;19
674;2015-01-11;19:33:05;1;L;20.25;5
674;2015-01-11;19:33:05;1;S;12.50;7
674;2015-01-11;19:33:05;1;M;16.00;28
675;2015-01-11;19:33:19;1;L;20.50;23
676;2015-01-11;19:44:57;1;L;20.25;5
676;2015-01-11;19:44:57;1;M;16.00;15
677;2015-01-11;19:51:09;1;L;20.75;27
678;2015-01-11;19:52:49;1;S;12.00;5
678;2015-01-11;19:52:49;1;M;16.00;23
678;2015-01-11;19:52:49;2;M;16.50;13
679;2015-01-11;20:31:02;1;S;23.65;32
679;2015-01-11;20:31:02;1;M;14.75;22
679;2015-01-11;20:31:02;1;L;20.75;4
679;2015-01-11;20:31:02;1;L;20.25;26
680;2015-01-11;21:07:30;1;S;12.75;19
680;2015-01-11;21:07:30;1;M;16.25;29
681;2015-01-11;21:29:50;1;L;20.75;27
682;2015-01-12;11:38:15;1;L;20.75;4
683;2015-01-12;11:39:08;1;L;20.75;19
683;2015-01-12;11:39:08;1;S;12.75;25
683;2015-01-12;11:39:08;1;M;16.50;27
684;2015-01-12;12:01:23;1;L;17.95;22
685;2015-01-12;12:11:46;1;L;20.75;21
686;2015-01-12;12:13:07;1;S;12.00;20
687;2015-01-12;12:21:09;1;M;16.75;25
688;2015-01-12;12:26:41;1;L;20.75;13
688;2015-01-12;12:26:41;1;M;16.50;10
689;2015-01-12;12:33:22;1;L;20.75;6
689;2015-01-12;12:33:22;1;M;16.75;6
690;2015-01-12;12:42:10;1;M;12.50;18
691;2015-01-12;12:45:53;1;L;20.75;8
692;2015-01-12;12:53:37;1;M;16.75;17
692;2015-01-12;12:53:37;1;M;16.75;25
693;2015-01-12;13:04:24;1;L;20.75;8
693;2015-01-12;13:04:24;1;S;12.00;20
693;2015-01-12;13:04:24;1;M;16.00;11
693;2015-01-12;13:04:24;1;S;12.00;12
694;2015-01-12;13:30:47;1;L;21.00;25
694;2015-01-12;13:30:47;1;M;14.50;31
694;2015-01-12;13:30:47;1;L;15.25;18
695;2015-01-12;13:33:06;1;S;12.75;16
696;2015-01-12;13:49:40;1;M;16.50;7
696;2015-01-12;13:49:40;1;S;12.50;13
697;2015-01-12;13:58:56;1;M;16.00;2
697;2015-01-12;13:58:56;1;S;12.50;14
698;2015-01-12;14:08:16;1;S;12.00;20
698;2015-01-12;14:08:16;1;L;17.50;31
698;2015-01-12;14:08:16;1;L;20.75;6
699;2015-01-12;14:27:03;1;S;9.75;18
700;2015-01-12;14:31:13;1;S;23.65;32
700;2015-01-12;14:31:13;1;S;12.75;19
700;2015-01-12;14:31:13;1;L;20.50;12
700;2015-01-12;14:31:13;1;S;12.50;27
700;2015-01-12;14:31:13;1;S;12.25;29
701;2015-01-12;14:33:39;1;S;10.50;1
701;2015-01-12;14:33:39;1;S;12.50;7
702;2015-01-12;14:38:35;1;S;12.75;8
702;2015-01-12;14:38:35;1;S;12.25;29
703;2015-01-12;15:08:01;1;S;12.50;27
704;2015-01-12;15:28:25;1;M;16.25;24
704;2015-01-12;15:28:25;1;L;20.25;26
705;2015-01-12;15:31:00;1;S;12.00;11
705;2015-01-12;15:31:00;1;M;16.50;4
705;2015-01-12;15:31:00;1;M;16.75;16
706;2015-01-12;15:39:04;1;S;12.75;17
706;2015-01-12;15:39:04;1;L;20.50;23
707;2015-01-12;15:41:32;1;M;16.75;8
707;2015-01-12;15:41:32;1;L;20.75;27
707;2015-01-12;15:41:32;1;L;20.75;16
708;2015-01-12;15:52:44;1;L;17.95;22
709;2015-01-12;15:53:56;1;S;12.75;8
710;2015-01-12;15:59:52;1;L;16.50;1
710;2015-01-12;15:59:52;1;L;20.75;16
710;2015-01-12;15:59:52;1;S;12.00;9
710;2015-01-12;15:59:52;1;XL;25.50;9
711;2015-01-12;16:21:10;1;M;16.75;30
711;2015-01-12;16:21:10;1;L;20.25;5
711;2015-01-12;16:21:10;1;M;14.50;31
711;2015-01-12;16:21:10;1;L;20.25;29
712;2015-01-12;16:22:18;1;L;21.00;25
713;2015-01-12;16:31:56;1;L;18.50;3
713;2015-01-12;16:31:56;1;S;12.00;26
714;2015-01-12;16:55:08;1;M;16.00;2
714;2015-01-12;16:55:08;1;L;16.50;1
714;2015-01-12;16:55:08;1;S;10.50;1
714;2015-01-12;16:55:08;1;L;20.50;12
715;2015-01-12;17:05:33;1;M;12.50;18
715;2015-01-12;17:05:33;1;M;16.50;27
715;2015-01-12;17:05:33;1;M;16.00;28
716;2015-01-12;17:06:05;1;S;12.00;20
717;2015-01-12;17:24:44;1;M;16.75;8
717;2015-01-12;17:24:44;1;L;20.75;16
718;2015-01-12;17:46:30;1;M;16.75;17
718;2015-01-12;17:46:30;1;L;20.75;16
719;2015-01-12;17:52:27;1;L;20.75;8
719;2015-01-12;17:52:27;1;S;12.00;5
720;2015-01-12;17:53:59;1;M;16.00;11
720;2015-01-12;17:53:59;1;L;20.50;23
720;2015-01-12;17:53:59;1;M;14.50;31
720;2015-01-12;17:53:59;1;M;16.25;29
721;2015-01-12;18:17:15;1;S;12.00;2
721;2015-01-12;18:17:15;1;L;20.75;13
722;2015-01-12;18:20:58;1;L;20.50;23
722;2015-01-12;18:20:58;1;S;12.50;14
723;2015-01-12;18:21:04;1;L;20.75;8
723;2015-01-12;18:21:04;1;S;9.75;18
724;2015-01-12;18:24:47;1;S;12.00;20
724;2015-01-12;18:24:47;1;M;16.00;11
724;2015-01-12;18:24:47;2;L;20.75;16
725;2015-01-12;18:33:14;1;S;12.00;20
725;2015-01-12;18:33:14;1;S;12.00;5
725;2015-01-12;18:33:14;1;L;20.75;6
725;2015-01-12;18:33:14;1;XL;25.50;9
726;2015-01-12;18:34:25;1;S;12.25;29
727;2015-01-12;18:44:57;1;S;12.25;29
728;2015-01-12;18:53:17;1;M;16.75;16
728;2015-01-12;18:53:17;1;S;12.75;6
728;2015-01-12;18:53:17;1;M;16.00;9
729;2015-01-12;19:20:41;1;M;16.00;2
729;2015-01-12;19:20:41;1;L;16.50;1
729;2015-01-12;19:20:41;1;S;12.25;29
730;2015-01-12;19:22:00;1;M;16.50;4
731;2015-01-12;19:27:47;1;M;16.25;29
731;2015-01-12;19:27:47;1;S;12.00;15
732;2015-01-12;19:30:17;1;L;20.25;28
733;2015-01-12;19:57:36;1;S;12.75;17
733;2015-01-12;19:57:36;1;L;20.50;12
733;2015-01-12;19:57:36;1;S;9.75;18
733;2015-01-12;19:57:36;1;L;20.75;6
734;2015-01-12;20:00:30;1;S;9.75;18
735;2015-01-12;20:35:34;1;S;12.75;19
735;2015-01-12;20:35:34;1;M;14.50;31
735;2015-01-12;20:35:34;1;S;11.00;31
736;2015-01-12;21:35:14;1;L;18.50;3
736;2015-01-12;21:35:14;1;S;12.00;15
737;2015-01-13;11:31:34;1;M;16.75;8
737;2015-01-13;11:31:34;1;M;16.75;6
738;2015-01-13;12:16:47;1;M;16.75;16
739;2015-01-13;12:19:38;1;S;12.00;20
740;2015-01-13;12:29:51;1;M;16.75;17
740;2015-01-13;12:29:51;1;L;20.75;19
740;2015-01-13;12:29:51;2;L;18.50;3
740;2015-01-13;12:29:51;1;L;17.95;22
740;2015-01-13;12:29:51;2;L;20.50;12
740;2015-01-13;12:29:51;1;M;16.50;4
740;2015-01-13;12:29:51;1;L;20.50;23
740;2015-01-13;12:29:51;1;M;16.50;7
740;2015-01-13;12:29:51;1;L;20.25;29
740;2015-01-13;12:29:51;1;L;20.25;28
740;2015-01-13;12:29:51;1;M;16.00;28
740;2015-01-13;12:29:51;1;S;12.00;28
740;2015-01-13;12:29:51;1;XL;25.50;9
741;2015-01-13;12:49:09;1;M;16.00;23
742;2015-01-13;12:53:01;1;L;20.75;8
743;2015-01-13;13:08:32;1;L;20.50;23
744;2015-01-13;13:34:48;1;M;16.50;27
745;2015-01-13;13:36:53;1;L;20.75;8
745;2015-01-13;13:36:53;1;M;16.75;17
745;2015-01-13;13:36:53;1;M;16.00;2
745;2015-01-13;13:36:53;1;M;14.75;22
745;2015-01-13;13:36:53;1;M;16.00;26
745;2015-01-13;13:36:53;1;L;20.50;23
745;2015-01-13;13:36:53;1;M;16.00;9
746;2015-01-13;13:41:13;1;L;20.75;13
746;2015-01-13;13:41:13;1;M;16.00;15
747;2015-01-13;14:15:02;1;L;20.25;5
747;2015-01-13;14:15:02;1;S;12.25;29
747;2015-01-13;14:15:02;1;L;20.75;13
748;2015-01-13;14:27:31;1;L;18.50;3
749;2015-01-13;14:29:23;1;M;12.50;18
750;2015-01-13;14:48:09;1;M;14.50;31
751;2015-01-13;15:07:35;1;L;20.25;24
751;2015-01-13;15:07:35;1;S;10.50;1
751;2015-01-13;15:07:35;1;S;12.00;23
751;2015-01-13;15:07:35;1;M;16.00;15
752;2015-01-13;15:19:25;1;S;10.50;1
752;2015-01-13;15:19:25;1;S;12.50;21
753;2015-01-13;15:22:11;1;S;12.00;11
753;2015-01-13;15:22:11;1;S;10.50;1
753;2015-01-13;15:22:11;1;M;16.50;4
753;2015-01-13;15:22:11;1;L;20.75;7
754;2015-01-13;15:47:56;1;M;14.50;31
754;2015-01-13;15:47:56;1;L;20.75;16
755;2015-01-13;15:50:49;1;M;16.75;8
755;2015-01-13;15:50:49;1;M;14.75;22
756;2015-01-13;15:55:11;1;S;12.75;19
756;2015-01-13;15:55:11;1;M;16.50;14
756;2015-01-13;15:55:11;1;S;12.00;15
757;2015-01-13;16:10:34;1;L;20.50;23
757;2015-01-13;16:10:34;1;M;12.50;18
757;2015-01-13;16:10:34;1;L;20.75;13
757;2015-01-13;16:10:34;1;M;16.00;15
758;2015-01-13;16:14:43;1;M;14.75;22
758;2015-01-13;16:14:43;1;S;12.50;7
759;2015-01-13;16:14:56;1;L;20.25;24
760;2015-01-13;16:27:40;1;S;12.75;17
761;2015-01-13;16:30:20;1;S;12.25;29
761;2015-01-13;16:30:20;1;M;16.50;21
762;2015-01-13;16:36:36;1;L;20.50;12
762;2015-01-13;16:36:36;1;L;20.75;21
762;2015-01-13;16:36:36;1;L;20.75;6
762;2015-01-13;16:36:36;1;XL;25.50;9
763;2015-01-13;16:38:57;1;M;16.00;2
764;2015-01-13;16:39:39;1;M;16.50;4
764;2015-01-13;16:39:39;1;XL;25.50;9
765;2015-01-13;17:11:41;1;S;12.75;17
765;2015-01-13;17:11:41;1;L;20.50;12
765;2015-01-13;17:11:41;1;S;12.50;27
765;2015-01-13;17:11:41;1;S;12.25;29
766;2015-01-13;17:21:45;1;S;12.75;25
766;2015-01-13;17:21:45;1;M;16.00;5
766;2015-01-13;17:21:45;1;L;20.75;16
767;2015-01-13;17:21:48;1;L;20.50;2
768;2015-01-13;17:23:34;1;S;23.65;32
769;2015-01-13;17:43:17;1;M;14.75;22
770;2015-01-13;17:44:13;1;L;20.75;27
770;2015-01-13;17:44:13;1;S;12.25;29
771;2015-01-13;17:59:32;1;M;16.75;17
771;2015-01-13;17:59:32;1;S;12.25;29
772;2015-01-13;18:07:59;1;M;16.75;25
773;2015-01-13;18:18:15;1;M;16.00;2
773;2015-01-13;18:18:15;1;L;17.50;31
774;2015-01-13;18:31:07;1;L;20.75;19
774;2015-01-13;18:31:07;1;S;12.00;28
775;2015-01-13;18:42:12;1;L;20.75;8
775;2015-01-13;18:42:12;1;L;18.50;3
775;2015-01-13;18:42:12;1;S;11.00;31
775;2015-01-13;18:42:12;1;M;16.50;7
776;2015-01-13;18:50:43;1;S;12.00;28
776;2015-01-13;18:50:43;2;L;20.75;6
777;2015-01-13;19:10:20;1;L;20.75;8
777;2015-01-13;19:10:20;1;M;16.00;9
778;2015-01-13;19:18:08;1;M;14.75;22
778;2015-01-13;19:18:08;1;M;16.50;4
778;2015-01-13;19:18:08;1;M;16.50;7
778;2015-01-13;19:18:08;1;M;16.75;16
779;2015-01-13;19:19:58;1;M;16.00;2
779;2015-01-13;19:19:58;1;M;16.00;12
779;2015-01-13;19:19:58;1;L;20.75;4
779;2015-01-13;19:19:58;1;M;16.50;4
780;2015-01-13;20:12:49;1;S;12.00;20
780;2015-01-13;20:12:49;1;L;20.50;12
781;2015-01-13;20:31:17;1;L;20.50;12
781;2015-01-13;20:31:17;1;L;20.75;16
781;2015-01-13;20:31:17;1;M;16.75;16
781;2015-01-13;20:31:17;1;L;20.25;15
782;2015-01-13;20:36:27;1;L;20.25;24
782;2015-01-13;20:36:27;1;L;20.75;6
783;2015-01-13;21:17:08;1;M;16.00;28
783;2015-01-13;21:17:08;1;L;20.75;6
783;2015-01-13;21:17:08;1;M;16.00;15
784;2015-01-13;21:39:41;1;M;16.00;23
785;2015-01-14;11:28:44;1;L;16.50;1
785;2015-01-14;11:28:44;1;L;20.75;16
786;2015-01-14;11:35:30;1;L;18.50;3
787;2015-01-14;11:45:30;1;M;16.75;17
787;2015-01-14;11:45:30;1;L;20.75;13
788;2015-01-14;11:46:19;1;S;12.25;29
789;2015-01-14;11:51:37;1;L;20.25;28
790;2015-01-14;12:07:30;1;L;18.50;3
790;2015-01-14;12:07:30;1;L;20.75;10
791;2015-01-14;12:23:54;1;S;9.75;18
791;2015-01-14;12:23:54;1;M;16.75;6
792;2015-01-14;12:37:48;1;M;16.75;30
792;2015-01-14;12:37:48;1;L;17.95;22
792;2015-01-14;12:37:48;1;M;16.75;25
792;2015-01-14;12:37:48;1;L;20.25;5
792;2015-01-14;12:37:48;1;S;12.50;7
792;2015-01-14;12:37:48;2;L;20.75;14
792;2015-01-14;12:37:48;1;M;16.00;15
793;2015-01-14;12:38:27;1;L;20.75;7
794;2015-01-14;12:39:16;1;M;16.00;23
795;2015-01-14;12:42:17;1;L;18.50;3
796;2015-01-14;12:43:09;1;M;16.00;5
797;2015-01-14;12:50:01;1;M;16.50;27
797;2015-01-14;12:50:01;1;M;16.50;7
797;2015-01-14;12:50:01;1;M;16.00;15
798;2015-01-14;12:50:30;1;L;18.50;3
798;2015-01-14;12:50:30;1;S;12.00;11
798;2015-01-14;12:50:30;1;S;12.50;21
798;2015-01-14;12:50:30;1;M;16.00;28
799;2015-01-14;12:51:29;1;M;16.50;4
799;2015-01-14;12:51:29;1;S;11.00;31
799;2015-01-14;12:51:29;1;M;16.75;6
800;2015-01-14;12:54:35;2;L;20.25;24
800;2015-01-14;12:54:35;1;S;10.50;1
800;2015-01-14;12:54:35;1;S;12.75;25
800;2015-01-14;12:54:35;1;S;12.00;23
800;2015-01-14;12:54:35;2;S;12.75;16
800;2015-01-14;12:54:35;1;L;20.75;13
801;2015-01-14;13:10:53;1;M;16.75;8
801;2015-01-14;13:10:53;1;L;20.50;2
801;2015-01-14;13:10:53;1;S;12.00;2
801;2015-01-14;13:10:53;1;M;16.50;4
801;2015-01-14;13:10:53;1;L;20.50;23
801;2015-01-14;13:10:53;1;L;20.25;29
801;2015-01-14;13:10:53;2;S;12.25;29
801;2015-01-14;13:10:53;1;L;20.75;16
801;2015-01-14;13:10:53;1;S;12.75;16
801;2015-01-14;13:10:53;1;L;20.75;14
801;2015-01-14;13:10:53;1;L;20.75;10
801;2015-01-14;13:10:53;1;L;20.75;6
802;2015-01-14;13:23:47;1;S;12.75;30
802;2015-01-14;13:23:47;1;S;10.50;1
803;2015-01-14;13:37:51;1;M;16.50;4
804;2015-01-14;13:42:01;1;S;12.50;7
805;2015-01-14;14:07:52;1;S;12.00;20
805;2015-01-14;14:07:52;1;M;14.75;22
806;2015-01-14;14:12:22;1;L;20.75;8
807;2015-01-14;14:15:29;1;S;12.00;20
808;2015-01-14;14:15:32;2;L;20.75;27
809;2015-01-14;14:26:17;1;S;10.50;1
810;2015-01-14;14:48:30;1;M;16.75;25
811;2015-01-14;14:48:56;1;M;16.00;15
812;2015-01-14;15:37:45;1;S;12.25;24
812;2015-01-14;15:37:45;1;M;14.50;31
813;2015-01-14;16:09:29;1;S;12.75;17
813;2015-01-14;16:09:29;1;L;20.75;16
814;2015-01-14;16:21:23;1;S;12.00;2
814;2015-01-14;16:21:23;1;L;20.25;15
815;2015-01-14;16:38:00;1;L;20.50;23
816;2015-01-14;17:04:08;1;L;20.75;16
816;2015-01-14;17:04:08;1;L;20.25;15
817;2015-01-14;17:10:38;1;S;12.00;2
817;2015-01-14;17:10:38;1;M;12.50;18
817;2015-01-14;17:10:38;1;L;20.75;16
817;2015-01-14;17:10:38;1;L;20.75;6
818;2015-01-14;17:15:50;1;S;11.00;31
818;2015-01-14;17:15:50;1;L;20.25;29
818;2015-01-14;17:15:50;1;S;12.25;29
819;2015-01-14;17:21:39;1;M;16.75;8
819;2015-01-14;17:21:39;1;S;12.25;29
820;2015-01-14;17:24:09;1;L;20.75;16
820;2015-01-14;17:24:09;1;L;20.75;10
821;2015-01-14;17:37:26;1;L;18.50;3
822;2015-01-14;17:38:53;1;XL;25.50;9
823;2015-01-14;17:42:17;1;M;16.75;8
823;2015-01-14;17:42:17;1;M;16.75;17
823;2015-01-14;17:42:17;1;L;20.50;9
824;2015-01-14;17:53:41;1;L;20.75;17
824;2015-01-14;17:53:41;1;L;20.50;2
824;2015-01-14;17:53:41;1;S;12.50;4
824;2015-01-14;17:53:41;1;L;20.25;29
825;2015-01-14;18:06:06;1;L;18.50;3
825;2015-01-14;18:06:06;1;S;12.25;29
826;2015-01-14;18:06:14;1;L;20.75;19
826;2015-01-14;18:06:14;1;L;20.75;4
826;2015-01-14;18:06:14;1;L;15.25;18
827;2015-01-14;18:09:48;1;M;16.75;30
827;2015-01-14;18:09:48;1;L;20.50;23
828;2015-01-14;18:23:55;1;L;20.75;19
828;2015-01-14;18:23:55;1;L;20.75;27
829;2015-01-14;18:27:42;1;M;16.00;23
829;2015-01-14;18:27:42;1;M;16.50;27
829;2015-01-14;18:27:42;1;S;12.50;13
829;2015-01-14;18:27:42;1;S;12.50;10
830;2015-01-14;18:38:17;1;M;13.25;1
830;2015-01-14;18:38:17;1;M;16.50;4
830;2015-01-14;18:38:17;1;M;12.50;18
831;2015-01-14;18:38:20;1;L;20.25;24
831;2015-01-14;18:38:20;1;L;20.75;19
831;2015-01-14;18:38:20;1;M;16.75;19
831;2015-01-14;18:38:20;1;M;16.00;2
832;2015-01-14;18:47:06;1;L;16.50;1
833;2015-01-14;19:07:45;1;S;12.00;20
833;2015-01-14;19:07:45;1;S;12.00;23
834;2015-01-14;19:25:16;1;L;20.75;19
834;2015-01-14;19:25:16;1;S;9.75;18
834;2015-01-14;19:25:16;1;S;12.50;7
834;2015-01-14;19:25:16;1;L;20.25;28
835;2015-01-14;19:56:01;1;L;20.75;8
835;2015-01-14;19:56:01;1;S;12.75;8
835;2015-01-14;19:56:01;1;M;12.50;18
835;2015-01-14;19:56:01;1;L;20.75;16
836;2015-01-14;20:08:08;1;L;18.50;3
836;2015-01-14;20:08:08;1;L;17.95;22
836;2015-01-14;20:08:08;1;S;10.50;1
836;2015-01-14;20:08:08;1;XL;25.50;9
837;2015-01-14;20:12:27;1;M;16.50;4
838;2015-01-14;20:33:57;1;M;16.75;30
838;2015-01-14;20:33:57;1;M;16.50;4
838;2015-01-14;20:33:57;1;M;16.00;15
839;2015-01-14;20:40:40;2;L;20.25;5
840;2015-01-14;20:46:12;1;L;20.75;4
841;2015-01-14;20:57:40;1;L;20.75;27
842;2015-01-14;21:09:39;1;S;12.50;14
842;2015-01-14;21:09:39;1;M;16.00;28
842;2015-01-14;21:09:39;1;S;12.50;10
843;2015-01-14;21:32:21;1;M;16.50;10
844;2015-01-14;21:36:58;1;M;16.00;15
845;2015-01-14;21:42:56;1;L;20.50;2
845;2015-01-14;21:42:56;1;L;18.50;3
845;2015-01-14;21:42:56;1;M;16.50;4
845;2015-01-14;21:42:56;1;L;20.75;16
846;2015-01-14;22:16:24;1;L;20.75;17
846;2015-01-14;22:16:24;1;L;18.50;3
847;2015-01-15;11:37:03;1;M;12.50;18
848;2015-01-15;11:56:46;1;S;12.00;20
849;2015-01-15;12:08:30;1;M;16.00;2
849;2015-01-15;12:08:30;1;S;12.25;29
849;2015-01-15;12:08:30;1;L;20.75;13
849;2015-01-15;12:08:30;1;S;12.50;13
850;2015-01-15;12:15:35;1;L;17.95;22
850;2015-01-15;12:15:35;1;L;20.75;16
850;2015-01-15;12:15:35;1;M;16.75;6
851;2015-01-15;12:20:22;1;L;20.75;8
852;2015-01-15;12:33:51;1;M;16.75;6
853;2015-01-15;12:36:39;1;M;12.50;18
854;2015-01-15;12:51:19;1;S;9.75;18
854;2015-01-15;12:51:19;1;L;20.75;21
855;2015-01-15;12:56:54;1;L;18.50;3
855;2015-01-15;12:56:54;1;M;16.25;29
855;2015-01-15;12:56:54;1;S;12.75;16
855;2015-01-15;12:56:54;1;M;16.50;14
855;2015-01-15;12:56:54;1;M;16.00;15
856;2015-01-15;12:59:20;1;L;20.75;13
857;2015-01-15;13:01:53;1;S;12.00;23
858;2015-01-15;13:03:42;1;S;12.50;27
858;2015-01-15;13:03:42;1;L;20.75;6
858;2015-01-15;13:03:42;1;M;16.00;15
859;2015-01-15;13:05:13;1;S;12.00;20
859;2015-01-15;13:05:13;1;M;16.25;24
859;2015-01-15;13:05:13;1;M;16.75;30
859;2015-01-15;13:05:13;1;L;20.50;9
860;2015-01-15;13:07:53;1;S;12.25;29
860;2015-01-15;13:07:53;1;M;16.50;13
861;2015-01-15;13:08:44;1;L;20.75;7
862;2015-01-15;13:10:45;1;M;16.75;16
863;2015-01-15;13:12:29;1;M;16.75;6
864;2015-01-15;14:04:23;1;S;12.00;20
864;2015-01-15;14:04:23;1;S;10.50;1
864;2015-01-15;14:04:23;1;L;20.75;4
864;2015-01-15;14:04:23;1;M;16.00;26
864;2015-01-15;14:04:23;1;L;20.25;29
864;2015-01-15;14:04:23;1;L;20.25;28
864;2015-01-15;14:04:23;1;L;20.75;10
864;2015-01-15;14:04:23;1;M;16.00;9
864;2015-01-15;14:04:23;1;M;16.00;15
865;2015-01-15;14:10:00;1;S;12.00;2
866;2015-01-15;14:18:09;1;M;16.50;27
867;2015-01-15;14:19:28;1;L;16.50;1
867;2015-01-15;14:19:28;1;S;10.50;1
868;2015-01-15;14:27:25;1;M;16.50;21
869;2015-01-15;14:31:43;1;M;16.50;10
869;2015-01-15;14:31:43;1;L;20.75;6
870;2015-01-15;14:38:31;1;L;18.50;3
870;2015-01-15;14:38:31;1;M;14.75;22
871;2015-01-15;14:45:22;1;S;12.75;30
872;2015-01-15;14:48:37;1;M;16.50;7
873;2015-01-15;15:06:15;1;M;12.50;18
874;2015-01-15;15:20:36;1;S;11.00;31
874;2015-01-15;15:20:36;1;L;20.75;16
875;2015-01-15;15:23:21;1;M;16.75;17
876;2015-01-15;15:27:03;1;S;10.50;1
876;2015-01-15;15:27:03;1;S;12.75;16
876;2015-01-15;15:27:03;1;L;20.75;13
877;2015-01-15;15:32:59;1;L;17.95;22
878;2015-01-15;16:05:58;1;M;16.75;17
879;2015-01-15;16:12:57;1;S;12.75;16
879;2015-01-15;16:12:57;1;S;12.50;10
879;2015-01-15;16:12:57;1;M;16.00;15
880;2015-01-15;16:19:26;1;L;15.25;18
880;2015-01-15;16:19:26;1;S;9.75;18
881;2015-01-15;16:40:04;1;M;16.75;17
881;2015-01-15;16:40:04;1;S;12.50;4
882;2015-01-15;16:44:46;1;M;16.50;7
882;2015-01-15;16:44:46;1;S;12.00;28
882;2015-01-15;16:44:46;1;L;20.75;6
883;2015-01-15;16:56:05;1;M;16.75;17
883;2015-01-15;16:56:05;1;S;12.00;2
883;2015-01-15;16:56:05;1;S;10.50;1
883;2015-01-15;16:56:05;1;S;12.50;7
884;2015-01-15;16:57:15;1;S;10.50;1
885;2015-01-15;16:57:55;1;M;16.00;5
885;2015-01-15;16:57:55;1;S;12.25;29
885;2015-01-15;16:57:55;1;M;16.50;13
885;2015-01-15;16:57:55;1;XL;25.50;9
886;2015-01-15;17:05:35;1;L;20.25;26
886;2015-01-15;17:05:35;1;S;12.25;29
886;2015-01-15;17:05:35;1;L;20.75;13
887;2015-01-15;17:13:58;1;L;15.25;18
887;2015-01-15;17:13:58;1;M;16.50;13
888;2015-01-15;17:14:27;1;M;16.25;29
888;2015-01-15;17:14:27;1;S;12.50;21
889;2015-01-15;17:27:51;1;L;20.75;8
890;2015-01-15;17:32:25;1;M;14.75;22
891;2015-01-15;17:43:34;1;L;20.75;14
892;2015-01-15;18:04:29;1;L;17.95;22
892;2015-01-15;18:04:29;1;L;20.25;26
893;2015-01-15;18:15:22;1;L;17.95;22
894;2015-01-15;18:17:26;1;S;12.00;23
895;2015-01-15;18:18:11;1;L;20.75;8
895;2015-01-15;18:18:11;1;L;16.50;1
895;2015-01-15;18:18:11;1;S;9.75;18
896;2015-01-15;18:27:28;1;L;20.75;17
896;2015-01-15;18:27:28;1;L;18.50;3
897;2015-01-15;18:53:07;1;L;20.50;12
897;2015-01-15;18:53:07;1;S;12.00;5
897;2015-01-15;18:53:07;1;L;20.25;28
898;2015-01-15;18:56:49;1;S;12.00;2
899;2015-01-15;19:06:14;1;L;20.75;13
899;2015-01-15;19:06:14;1;XL;25.50;9
900;2015-01-15;19:09:51;1;L;15.25;18
900;2015-01-15;19:09:51;1;S;9.75;18
901;2015-01-15;19:16:11;1;S;12.00;20
902;2015-01-15;19:21:00;1;L;20.75;27
903;2015-01-15;19:27:22;1;L;20.50;2
903;2015-01-15;19:27:22;1;L;20.75;27
903;2015-01-15;19:27:22;1;L;20.75;21
904;2015-01-15;20:07:01;1;M;16.75;8
904;2015-01-15;20:07:01;1;S;11.00;31
905;2015-01-15;20:12:06;1;M;16.75;8
905;2015-01-15;20:12:06;1;M;16.75;25
905;2015-01-15;20:12:06;1;M;16.00;15
906;2015-01-15;20:51:59;1;S;12.50;21
906;2015-01-15;20:51:59;1;L;20.75;16
907;2015-01-15;20:54:32;1;S;12.25;29
908;2015-01-15;21:42:32;1;M;12.50;18
908;2015-01-15;21:42:32;1;L;20.75;6
909;2015-01-16;11:19:25;1;L;20.75;8
909;2015-01-16;11:19:25;1;M;16.75;25
909;2015-01-16;11:19:25;1;S;12.50;13
910;2015-01-16;11:25:40;1;S;12.00;12
910;2015-01-16;11:25:40;1;S;12.50;7
910;2015-01-16;11:25:40;1;L;20.25;15
911;2015-01-16;11:36:00;1;S;12.75;8
911;2015-01-16;11:36:00;1;S;12.00;28
912;2015-01-16;11:39:48;1;M;14.50;31
913;2015-01-16;11:55:24;1;S;12.50;10
914;2015-01-16;12:14:22;1;M;16.00;15
915;2015-01-16;12:20:22;1;M;16.75;8
915;2015-01-16;12:20:22;1;L;18.50;3
915;2015-01-16;12:20:22;1;S;12.00;11
915;2015-01-16;12:20:22;1;M;16.00;23
915;2015-01-16;12:20:22;1;L;15.25;18
915;2015-01-16;12:20:22;1;M;12.50;18
915;2015-01-16;12:20:22;1;S;12.50;7
915;2015-01-16;12:20:22;1;L;20.75;13
916;2015-01-16;12:30:09;1;M;16.50;4
916;2015-01-16;12:30:09;1;L;20.25;5
916;2015-01-16;12:30:09;1;L;15.25;18
916;2015-01-16;12:30:09;1;XL;25.50;9
917;2015-01-16;12:34:15;1;L;20.75;16
918;2015-01-16;13:06:04;1;S;12.00;28
919;2015-01-16;13:11:15;1;L;20.50;23
920;2015-01-16;13:16:55;1;M;16.75;8
920;2015-01-16;13:16:55;1;M;16.00;2
921;2015-01-16;13:18:32;1;L;20.75;16
921;2015-01-16;13:18:32;1;L;20.75;14
922;2015-01-16;13:19:43;1;M;16.25;24
922;2015-01-16;13:19:43;1;M;12.50;18
922;2015-01-16;13:19:43;1;L;20.75;16
923;2015-01-16;13:23:29;1;M;16.00;5
923;2015-01-16;13:23:29;1;S;12.00;28
924;2015-01-16;13:27:57;1;L;15.25;18
924;2015-01-16;13:27:57;1;L;20.75;16
925;2015-01-16;13:42:47;1;L;20.25;15
926;2015-01-16;13:51:38;1;M;16.00;2
926;2015-01-16;13:51:38;1;L;15.25;18
926;2015-01-16;13:51:38;1;S;12.25;29
926;2015-01-16;13:51:38;1;L;20.25;15
927;2015-01-16;13:59:21;1;M;16.75;17
927;2015-01-16;13:59:21;1;M;16.75;30
927;2015-01-16;13:59:21;1;M;16.00;2
927;2015-01-16;13:59:21;1;M;14.75;22
927;2015-01-16;13:59:21;1;S;10.50;1
927;2015-01-16;13:59:21;1;S;12.00;12
927;2015-01-16;13:59:21;1;M;16.00;5
927;2015-01-16;13:59:21;1;M;16.00;23
927;2015-01-16;13:59:21;1;M;16.00;28
928;2015-01-16;14:14:40;1;L;20.75;17
928;2015-01-16;14:14:40;1;L;20.75;6
929;2015-01-16;14:24:45;1;L;18.50;3
930;2015-01-16;15:00:11;1;S;12.00;12
930;2015-01-16;15:00:11;1;L;20.50;23
930;2015-01-16;15:00:11;1;S;11.00;31
931;2015-01-16;15:27:24;1;L;20.75;8
931;2015-01-16;15:27:24;1;L;18.50;3
931;2015-01-16;15:27:24;1;S;12.50;27
932;2015-01-16;15:33:19;1;M;16.25;24
932;2015-01-16;15:33:19;1;S;12.75;6
933;2015-01-16;15:49:05;1;L;18.50;3
934;2015-01-16;15:55:24;1;L;20.75;6
935;2015-01-16;16:14:59;1;S;12.00;20
935;2015-01-16;16:14:59;1;L;20.75;13
935;2015-01-16;16:14:59;1;M;16.00;28
935;2015-01-16;16:14:59;1;M;16.00;9
936;2015-01-16;16:19:19;1;S;12.25;29
937;2015-01-16;16:20:32;1;S;12.50;13
938;2015-01-16;16:43:09;1;M;16.50;4
938;2015-01-16;16:43:09;1;L;20.75;27
938;2015-01-16;16:43:09;1;L;20.25;28
939;2015-01-16;16:59:23;1;L;20.75;27
939;2015-01-16;16:59:23;1;S;12.50;14
940;2015-01-16;17:05:08;1;L;20.50;23
940;2015-01-16;17:05:08;1;M;14.50;31
940;2015-01-16;17:05:08;1;M;16.50;27
941;2015-01-16;17:09:08;1;M;16.00;11
941;2015-01-16;17:09:08;1;L;20.50;12
942;2015-01-16;17:18:37;1;M;16.75;8
942;2015-01-16;17:18:37;1;L;20.75;16
943;2015-01-16;17:22:00;1;S;12.25;29
944;2015-01-16;17:54:33;1;M;16.00;2
945;2015-01-16;17:58:38;1;L;20.75;8
945;2015-01-16;17:58:38;1;L;18.50;3
945;2015-01-16;17:58:38;1;L;17.95;22
945;2015-01-16;17:58:38;1;S;10.50;1
946;2015-01-16;18:00:48;1;S;12.75;17
946;2015-01-16;18:00:48;1;S;9.75;18
946;2015-01-16;18:00:48;1;L;20.75;14
946;2015-01-16;18:00:48;1;S;12.50;10
947;2015-01-16;18:13:15;1;M;16.75;17
947;2015-01-16;18:13:15;1;L;15.25;18
947;2015-01-16;18:13:15;1;XL;25.50;9
948;2015-01-16;18:42:17;1;S;11.00;31
948;2015-01-16;18:42:17;1;L;15.25;18
948;2015-01-16;18:42:17;1;L;20.75;13
948;2015-01-16;18:42:17;1;S;12.00;15
949;2015-01-16;18:52:18;1;L;20.25;5
949;2015-01-16;18:52:18;1;M;16.00;15
950;2015-01-16;18:57:56;1;M;16.75;17
951;2015-01-16;19:03:46;1;M;16.75;25
952;2015-01-16;19:05:35;1;S;12.00;20
952;2015-01-16;19:05:35;1;L;20.25;24
952;2015-01-16;19:05:35;1;M;16.50;27
952;2015-01-16;19:05:35;1;S;12.00;28
953;2015-01-16;19:12:08;1;S;12.75;8
953;2015-01-16;19:12:08;1;M;16.75;30
953;2015-01-16;19:12:08;1;S;12.00;28
954;2015-01-16;19:14:03;2;L;20.75;6
955;2015-01-16;19:24:16;1;M;16.75;17
955;2015-01-16;19:24:16;1;L;18.50;3
955;2015-01-16;19:24:16;1;L;20.50;23
956;2015-01-16;19:24:40;1;M;16.50;7
956;2015-01-16;19:24:40;1;S;12.75;6
957;2015-01-16;19:32:12;1;L;17.95;22
957;2015-01-16;19:32:12;1;L;20.25;11
957;2015-01-16;19:32:12;1;S;12.75;25
957;2015-01-16;19:32:12;1;L;20.75;14
958;2015-01-16;19:33:33;1;L;15.25;18
959;2015-01-16;19:34:00;1;S;12.75;17
959;2015-01-16;19:34:00;1;M;16.50;14
960;2015-01-16;19:35:00;2;L;20.75;13
961;2015-01-16;19:42:20;1;S;12.75;8
961;2015-01-16;19:42:20;1;L;20.50;12
962;2015-01-16;19:55:17;1;S;12.00;20
962;2015-01-16;19:55:17;1;L;17.50;31
963;2015-01-16;20:06:41;2;M;16.75;17
963;2015-01-16;20:06:41;1;L;20.75;19
963;2015-01-16;20:06:41;1;M;16.25;29
964;2015-01-16;20:24:37;1;S;12.00;20
964;2015-01-16;20:24:37;1;M;14.75;22
965;2015-01-16;20:41:02;1;S;12.00;11
965;2015-01-16;20:41:02;1;L;20.75;13
965;2015-01-16;20:41:02;1;M;16.00;28
965;2015-01-16;20:41:02;1;M;16.75;6
966;2015-01-16;20:59:17;1;S;12.25;29
966;2015-01-16;20:59:17;1;L;20.25;28
967;2015-01-16;21:03:33;1;M;16.00;26
968;2015-01-16;21:23:01;1;S;10.50;1
968;2015-01-16;21:23:01;1;S;12.00;12
969;2015-01-16;21:36:19;1;M;16.00;5
970;2015-01-16;21:44:35;1;M;16.00;2
970;2015-01-16;21:44:35;1;L;20.75;13
971;2015-01-16;21:46:20;1;M;16.75;30
971;2015-01-16;21:46:20;1;M;16.00;2
971;2015-01-16;21:46:20;1;L;20.75;4
971;2015-01-16;21:46:20;1;L;20.25;29
972;2015-01-16;22:03:09;1;L;15.25;18
972;2015-01-16;22:03:09;1;S;9.75;18
973;2015-01-16;22:06:08;1;L;20.25;5
974;2015-01-16;22:06:53;1;S;12.00;2
975;2015-01-16;22:10:21;1;M;16.00;11
975;2015-01-16;22:10:21;1;L;20.25;26
976;2015-01-17;11:53:19;1;L;15.25;18
977;2015-01-17;12:01:58;1;M;14.50;31
977;2015-01-17;12:01:58;1;L;20.75;6
978;2015-01-17;12:24:36;1;S;12.75;8
978;2015-01-17;12:24:36;1;S;12.00;20
978;2015-01-17;12:24:36;2;S;23.65;32
978;2015-01-17;12:24:36;1;L;16.50;1
978;2015-01-17;12:24:36;1;S;10.50;1
978;2015-01-17;12:24:36;1;L;20.75;4
978;2015-01-17;12:24:36;1;M;16.50;4
978;2015-01-17;12:24:36;1;L;20.25;26
978;2015-01-17;12:24:36;1;L;20.75;27
978;2015-01-17;12:24:36;1;S;12.50;13
978;2015-01-17;12:24:36;1;M;16.75;6
979;2015-01-17;12:57:28;1;M;16.50;14
980;2015-01-17;12:58:36;1;L;20.75;17
980;2015-01-17;12:58:36;1;S;12.00;23
980;2015-01-17;12:58:36;1;L;20.25;29
980;2015-01-17;12:58:36;1;S;12.50;10
980;2015-01-17;12:58:36;1;L;20.75;6
980;2015-01-17;12:58:36;1;M;16.75;6
981;2015-01-17;13:56:46;1;L;20.75;8
982;2015-01-17;14:12:58;1;L;17.95;22
982;2015-01-17;14:12:58;1;L;16.50;1
982;2015-01-17;14:12:58;1;L;15.25;18
982;2015-01-17;14:12:58;1;L;20.75;16
983;2015-01-17;14:29:31;1;S;12.00;20
984;2015-01-17;14:33:55;1;S;12.00;12
985;2015-01-17;14:34:50;1;M;13.25;1
985;2015-01-17;14:34:50;1;M;16.75;25
985;2015-01-17;14:34:50;1;S;12.50;21
986;2015-01-17;14:35:25;1;M;16.00;15
987;2015-01-17;14:41:14;1;L;20.75;8
987;2015-01-17;14:41:14;1;L;20.25;24
987;2015-01-17;14:41:14;1;S;12.50;7
988;2015-01-17;14:44:56;1;L;21.00;25
989;2015-01-17;15:08:38;1;S;10.50;1
990;2015-01-17;15:30:10;1;S;9.75;18
991;2015-01-17;15:43:27;1;S;12.00;20
991;2015-01-17;15:43:27;1;S;12.50;21
992;2015-01-17;15:49:31;1;M;16.50;4
993;2015-01-17;16:16:59;1;M;16.75;8
994;2015-01-17;16:19:42;1;M;16.75;17
994;2015-01-17;16:19:42;1;S;10.50;1
994;2015-01-17;16:19:42;1;L;20.75;6
994;2015-01-17;16:19:42;1;S;12.75;6
995;2015-01-17;16:57:30;1;L;20.75;17
996;2015-01-17;17:11:07;1;M;16.00;12
996;2015-01-17;17:11:07;1;S;12.00;12
996;2015-01-17;17:11:07;1;L;20.50;23
996;2015-01-17;17:11:07;1;S;12.50;14
997;2015-01-17;17:16:26;1;M;16.00;5
998;2015-01-17;17:19:16;1;L;20.50;12
999;2015-01-17;17:21:24;1;M;16.75;16
1000;2015-01-17;17:24:24;1;S;23.65;32
1000;2015-01-17;17:24:24;1;L;20.25;26
1001;2015-01-17;17:28:05;2;S;12.00;20
1001;2015-01-17;17:28:05;1;L;15.25;18
1001;2015-01-17;17:28:05;1;L;20.75;13
1002;2015-01-17;17:29:41;1;M;16.75;8
1002;2015-01-17;17:29:41;1;M;16.75;19
1003;2015-01-17;17:31:16;1;L;20.75;17
1003;2015-01-17;17:31:16;1;M;16.75;17
1003;2015-01-17;17:31:16;1;S;9.75;18
1004;2015-01-17;17:44:05;1;XL;25.50;9
1005;2015-01-17;17:49:51;1;L;20.75;8
1005;2015-01-17;17:49:51;1;S;12.25;29
1006;2015-01-17;18:28:12;1;L;20.75;6
1006;2015-01-17;18:28:12;1;S;12.00;15
1007;2015-01-17;18:35:22;1;L;20.25;15
1008;2015-01-17;18:49:59;1;M;16.00;2
1008;2015-01-17;18:49:59;1;M;16.00;9
1009;2015-01-17;18:58:24;1;M;16.00;2
1009;2015-01-17;18:58:24;1;M;16.00;11
1010;2015-01-17;19:15:11;1;S;12.00;20
1010;2015-01-17;19:15:11;1;L;20.75;30
1010;2015-01-17;19:15:11;1;L;21.00;25
1011;2015-01-17;19:20:20;1;S;11.00;31
1012;2015-01-17;19:25:32;1;M;16.00;11
1012;2015-01-17;19:25:32;1;L;20.75;7
1013;2015-01-17;19:26:40;1;M;16.50;21
1013;2015-01-17;19:26:40;1;M;16.50;10
1014;2015-01-17;19:38:17;1;L;20.75;19
1014;2015-01-17;19:38:17;1;S;9.75;18
1014;2015-01-17;19:38:17;1;S;12.50;7
1014;2015-01-17;19:38:17;1;L;20.75;16
1015;2015-01-17;19:42:51;1;L;20.75;6
1016;2015-01-17;19:44:36;1;M;16.75;17
1016;2015-01-17;19:44:36;1;M;13.25;1
1016;2015-01-17;19:44:36;1;S;12.25;29
1017;2015-01-17;20:13:32;1;M;16.75;17
1018;2015-01-17;20:38:50;1;L;20.75;8
1018;2015-01-17;20:38:50;1;S;12.75;17
1018;2015-01-17;20:38:50;1;S;11.00;31
1019;2015-01-17;20:50:54;2;S;10.50;1
1019;2015-01-17;20:50:54;1;S;12.50;21
1019;2015-01-17;20:50:54;1;S;12.50;14
1020;2015-01-17;21:04:20;1;L;20.75;8
1020;2015-01-17;21:04:20;1;S;12.75;8
1020;2015-01-17;21:04:20;1;M;12.50;18
1020;2015-01-17;21:04:20;1;L;20.75;16
1021;2015-01-17;21:11:31;1;L;20.75;8
1021;2015-01-17;21:11:31;1;L;20.75;17
1021;2015-01-17;21:11:31;1;S;12.00;26
1021;2015-01-17;21:11:31;1;M;12.50;18
1022;2015-01-17;21:16:01;1;L;20.75;6
1023;2015-01-17;21:20:18;1;M;16.00;12
1024;2015-01-17;21:21:23;1;L;20.75;8
1025;2015-01-17;21:49:00;1;S;11.00;31
1025;2015-01-17;21:49:00;1;L;15.25;18
1025;2015-01-17;21:49:00;1;L;20.25;15
1026;2015-01-17;21:55:05;1;L;20.75;17
1026;2015-01-17;21:55:05;1;L;20.50;2
1027;2015-01-17;21:57:02;1;L;17.95;22
1028;2015-01-17;22:02:45;1;L;20.50;23
1028;2015-01-17;22:02:45;1;L;20.25;29
1029;2015-01-17;22:06:27;1;M;16.25;29
1029;2015-01-17;22:06:27;1;L;20.50;9
1030;2015-01-17;22:13:59;1;S;9.75;18
1030;2015-01-17;22:13:59;1;L;20.75;27
1030;2015-01-17;22:13:59;1;S;12.25;29
1030;2015-01-17;22:13:59;1;L;20.75;13
1031;2015-01-18;11:39:03;1;L;20.50;2
1031;2015-01-18;11:39:03;1;L;16.50;1
1032;2015-01-18;11:45:13;1;L;20.75;8
1033;2015-01-18;11:54:13;1;M;16.75;17
1034;2015-01-18;12:07:59;1;M;16.75;8
1034;2015-01-18;12:07:59;1;L;20.25;5
1034;2015-01-18;12:07:59;1;L;20.50;23
1034;2015-01-18;12:07:59;1;S;12.00;23
1034;2015-01-18;12:07:59;1;L;15.25;18
1034;2015-01-18;12:07:59;1;M;16.25;29
1034;2015-01-18;12:07:59;1;L;20.75;21
1034;2015-01-18;12:07:59;1;S;12.00;28
1035;2015-01-18;12:13:15;1;M;16.75;17
1035;2015-01-18;12:13:15;1;L;20.25;11
1035;2015-01-18;12:13:15;1;M;16.50;4
1035;2015-01-18;12:13:15;1;S;12.00;26
1036;2015-01-18;12:49:29;1;M;16.00;2
1036;2015-01-18;12:49:29;1;M;16.50;4
1036;2015-01-18;12:49:29;1;L;20.25;5
1036;2015-01-18;12:49:29;1;L;20.75;6
1037;2015-01-18;13:04:54;1;S;12.00;20
1037;2015-01-18;13:04:54;1;S;12.75;19
1037;2015-01-18;13:04:54;1;M;16.00;2
1037;2015-01-18;13:04:54;1;M;16.50;4
1038;2015-01-18;13:14:59;1;L;16.50;1
1038;2015-01-18;13:14:59;1;L;15.25;18
1039;2015-01-18;13:33:31;1;L;20.50;2
1040;2015-01-18;13:56:05;1;L;20.75;27
1040;2015-01-18;13:56:05;1;L;20.75;6
1041;2015-01-18;13:59:47;1;S;12.25;29
1042;2015-01-18;14:06:19;1;S;11.00;31
1043;2015-01-18;14:07:36;1;M;14.75;22
1043;2015-01-18;14:07:36;1;S;9.75;18
1043;2015-01-18;14:07:36;1;L;20.75;27
1043;2015-01-18;14:07:36;1;M;16.50;7
1043;2015-01-18;14:07:36;2;S;12.25;29
1043;2015-01-18;14:07:36;1;M;16.75;16
1043;2015-01-18;14:07:36;1;S;12.50;13
1043;2015-01-18;14:07:36;1;M;16.00;28
1044;2015-01-18;14:20:16;1;XL;25.50;9
1045;2015-01-18;14:22:14;1;M;16.75;17
1046;2015-01-18;14:39:33;1;S;12.00;2
1047;2015-01-18;14:50:37;1;S;12.75;8
1047;2015-01-18;14:50:37;2;L;17.95;22
1047;2015-01-18;14:50:37;1;S;9.75;18
1048;2015-01-18;14:53:25;1;L;20.25;15
1049;2015-01-18;14:57:48;1;L;20.75;8
1050;2015-01-18;15:05:54;1;S;12.00;28
1051;2015-01-18;15:08:45;1;L;20.75;17
1052;2015-01-18;15:28:12;1;M;16.50;27
1052;2015-01-18;15:28:12;1;L;20.75;21
1053;2015-01-18;15:43:17;1;M;16.75;17
1053;2015-01-18;15:43:17;1;L;15.25;18
1053;2015-01-18;15:43:17;1;M;16.50;10
1054;2015-01-18;15:56:04;1;M;16.75;8
1054;2015-01-18;15:56:04;1;S;9.75;18
1055;2015-01-18;16:07:14;1;S;12.00;20
1056;2015-01-18;16:12:18;1;M;16.75;8
1056;2015-01-18;16:12:18;1;M;16.50;7
1056;2015-01-18;16:12:18;1;M;16.75;6
1057;2015-01-18;16:18:37;1;S;10.50;1
1057;2015-01-18;16:18:37;1;L;15.25;18
1058;2015-01-18;16:30:09;1;S;12.75;17
1059;2015-01-18;16:30:14;1;M;16.75;8
1059;2015-01-18;16:30:14;1;M;16.00;5
1059;2015-01-18;16:30:14;1;L;15.25;18
1059;2015-01-18;16:30:14;1;L;20.75;10
1060;2015-01-18;16:39:46;1;L;20.25;5
1060;2015-01-18;16:39:46;1;S;12.50;14
1061;2015-01-18;17:17:02;1;S;12.50;7
1061;2015-01-18;17:17:02;1;S;12.50;10
1062;2015-01-18;17:21:38;2;M;16.50;4
1062;2015-01-18;17:21:38;1;L;20.50;23
1063;2015-01-18;17:28:29;1;S;12.00;20
1063;2015-01-18;17:28:29;1;M;16.25;24
1063;2015-01-18;17:28:29;1;S;12.00;5
1064;2015-01-18;17:30:00;1;S;12.50;7
1065;2015-01-18;17:48:16;1;M;16.75;8
1065;2015-01-18;17:48:16;1;L;20.75;17
1065;2015-01-18;17:48:16;1;L;20.75;19
1065;2015-01-18;17:48:16;1;M;16.00;15
1066;2015-01-18;18:10:50;1;M;16.75;17
1066;2015-01-18;18:10:50;1;M;16.00;2
1066;2015-01-18;18:10:50;1;S;12.75;25
1066;2015-01-18;18:10:50;1;S;11.00;31
1067;2015-01-18;18:13:43;1;L;20.75;17
1067;2015-01-18;18:13:43;1;L;16.50;1
1067;2015-01-18;18:13:43;1;L;20.75;27
1068;2015-01-18;18:16:32;1;M;16.25;29
1068;2015-01-18;18:16:32;1;L;20.75;16
1069;2015-01-18;18:19:47;1;S;12.00;20
1069;2015-01-18;18:19:47;1;S;12.25;29
1069;2015-01-18;18:19:47;1;S;12.75;6
1070;2015-01-18;18:21:27;1;M;16.75;8
1070;2015-01-18;18:21:27;1;L;15.25;18
1071;2015-01-18;18:27:40;1;M;14.50;31
1071;2015-01-18;18:27:40;1;S;12.50;27
1071;2015-01-18;18:27:40;1;M;16.50;14
1072;2015-01-18;18:32:32;1;S;12.00;2
1072;2015-01-18;18:32:32;1;L;18.50;3
1072;2015-01-18;18:32:32;1;M;14.75;22
1073;2015-01-18;18:42:02;1;L;18.50;3
1073;2015-01-18;18:42:02;1;L;20.75;13
1073;2015-01-18;18:42:02;1;M;16.50;14
1074;2015-01-18;19:01:54;1;L;21.00;25
1075;2015-01-18;19:15:17;1;L;20.25;5
1076;2015-01-18;19:36:15;1;M;16.50;4
1076;2015-01-18;19:36:15;1;L;15.25;18
1077;2015-01-18;20:13:25;1;M;16.75;30
1078;2015-01-18;20:20:42;1;L;17.95;22
1078;2015-01-18;20:20:42;1;L;20.50;12
1079;2015-01-18;20:45:11;1;S;12.00;11
1079;2015-01-18;20:45:11;1;L;15.25;18
1079;2015-01-18;20:45:11;1;S;12.75;6
1080;2015-01-18;21:22:58;1;M;16.75;25
1080;2015-01-18;21:22:58;1;L;20.25;29
1080;2015-01-18;21:22:58;1;S;12.50;21
1080;2015-01-18;21:22:58;1;M;16.50;13
1081;2015-01-18;21:27:05;1;L;18.50;3
1082;2015-01-19;11:16:43;1;L;20.75;27
1082;2015-01-19;11:16:43;1;L;20.75;6
1083;2015-01-19;11:19:51;1;L;20.75;16
1084;2015-01-19;11:27:33;1;S;12.00;20
1085;2015-01-19;11:37:05;1;S;10.50;1
1085;2015-01-19;11:37:05;1;L;20.75;16
1085;2015-01-19;11:37:05;1;L;20.25;28
1086;2015-01-19;11:57:17;1;S;12.75;8
1086;2015-01-19;11:57:17;1;L;20.25;26
1087;2015-01-19;11:57:38;1;L;17.95;22
1087;2015-01-19;11:57:38;1;M;16.00;28
1088;2015-01-19;12:00:52;1;S;12.00;20
1088;2015-01-19;12:00:52;1;L;20.25;26
1088;2015-01-19;12:00:52;1;L;15.25;18
1088;2015-01-19;12:00:52;1;S;12.75;6
1088;2015-01-19;12:00:52;1;XL;25.50;9
1089;2015-01-19;12:03:57;1;S;12.00;20
1089;2015-01-19;12:03:57;1;L;20.75;19
1089;2015-01-19;12:03:57;1;M;16.50;14
1090;2015-01-19;12:14:24;1;L;20.75;8
1090;2015-01-19;12:14:24;1;M;16.75;17
1090;2015-01-19;12:14:24;1;L;16.50;1
1090;2015-01-19;12:14:24;1;S;12.50;4
1090;2015-01-19;12:14:24;1;M;16.75;25
1090;2015-01-19;12:14:24;1;S;12.75;25
1090;2015-01-19;12:14:24;1;L;20.50;23
1091;2015-01-19;12:20:28;1;S;9.75;18
1092;2015-01-19;12:23:38;1;L;20.75;8
1092;2015-01-19;12:23:38;1;S;12.75;17
1092;2015-01-19;12:23:38;1;S;10.50;1
1093;2015-01-19;12:33:24;1;M;16.00;2
1093;2015-01-19;12:33:24;1;M;16.50;4
1093;2015-01-19;12:33:24;1;L;20.50;23
1093;2015-01-19;12:33:24;1;L;15.25;18
1093;2015-01-19;12:33:24;1;S;12.50;7
1094;2015-01-19;12:33:50;1;S;23.65;32
1094;2015-01-19;12:33:50;1;L;20.75;19
1095;2015-01-19;12:47:24;1;S;12.75;17
1095;2015-01-19;12:47:24;1;L;17.95;22
1096;2015-01-19;12:56:45;1;L;20.75;19
1096;2015-01-19;12:56:45;1;L;18.50;3
1096;2015-01-19;12:56:45;2;L;17.95;22
1096;2015-01-19;12:56:45;1;L;20.25;26
1096;2015-01-19;12:56:45;1;S;12.00;26
1096;2015-01-19;12:56:45;2;L;20.50;23
1096;2015-01-19;12:56:45;1;M;16.00;23
1096;2015-01-19;12:56:45;1;L;17.50;31
1096;2015-01-19;12:56:45;1;L;20.75;7
1096;2015-01-19;12:56:45;1;L;20.75;21
1096;2015-01-19;12:56:45;2;L;20.75;13
1096;2015-01-19;12:56:45;1;L;20.25;15
1097;2015-01-19;13:02:07;1;L;20.75;8
1098;2015-01-19;13:25:39;1;L;20.50;23
1098;2015-01-19;13:25:39;1;L;20.50;9
1099;2015-01-19;13:33:24;1;M;16.50;4
1099;2015-01-19;13:33:24;1;S;12.00;26
1100;2015-01-19;13:34:27;1;M;16.75;30
1100;2015-01-19;13:34:27;1;S;12.00;11
1100;2015-01-19;13:34:27;1;L;20.25;5
1100;2015-01-19;13:34:27;1;M;16.00;23
1100;2015-01-19;13:34:27;1;L;20.75;6
1101;2015-01-19;13:36:26;1;L;20.75;17
1102;2015-01-19;14:03:20;1;S;12.00;12
1103;2015-01-19;14:08:12;1;S;12.00;9
1104;2015-01-19;14:39:45;1;M;16.75;17
1104;2015-01-19;14:39:45;1;S;12.75;19
1104;2015-01-19;14:39:45;1;S;12.00;11
1104;2015-01-19;14:39:45;1;M;16.75;25
1105;2015-01-19;15:13:54;1;M;16.25;24
1105;2015-01-19;15:13:54;1;M;16.75;30
1105;2015-01-19;15:13:54;1;L;20.75;6
1106;2015-01-19;15:17:39;1;L;20.25;29
1107;2015-01-19;15:45:44;1;M;16.50;21
1108;2015-01-19;16:18:49;1;L;20.25;29
1109;2015-01-19;16:20:22;1;L;17.50;31
1109;2015-01-19;16:20:22;1;L;15.25;18
1110;2015-01-19;16:33:35;1;L;16.50;1
1110;2015-01-19;16:33:35;1;M;16.00;28
1111;2015-01-19;16:35:46;1;M;16.50;4
1112;2015-01-19;16:46:00;1;S;12.75;30
1112;2015-01-19;16:46:00;1;L;16.50;1
1112;2015-01-19;16:46:00;1;M;16.00;28
1112;2015-01-19;16:46:00;1;XL;25.50;9
1113;2015-01-19;17:00:44;1;S;12.00;20
1113;2015-01-19;17:00:44;1;M;13.25;1
1114;2015-01-19;17:00:53;1;S;12.00;20
1114;2015-01-19;17:00:53;1;L;18.50;3
1115;2015-01-19;17:08:55;1;S;12.25;29
1115;2015-01-19;17:08:55;1;M;16.75;6
1116;2015-01-19;17:09:15;1;S;12.00;2
1116;2015-01-19;17:09:15;1;L;20.75;7
1116;2015-01-19;17:09:15;1;L;20.75;13
1116;2015-01-19;17:09:15;1;L;20.75;14
1117;2015-01-19;17:13:25;1;M;16.75;17
1118;2015-01-19;17:19:49;1;M;16.00;28
1119;2015-01-19;17:42:23;1;S;12.00;20
1119;2015-01-19;17:42:23;1;L;20.50;12
1120;2015-01-19;17:46:46;1;M;14.75;22
1120;2015-01-19;17:46:46;1;L;17.50;31
1121;2015-01-19;18:15:08;1;S;12.00;20
1121;2015-01-19;18:15:08;1;XL;25.50;9
1122;2015-01-19;18:16:44;1;S;12.00;2
1122;2015-01-19;18:16:44;1;L;20.75;16
1122;2015-01-19;18:16:44;1;L;20.25;28
1122;2015-01-19;18:16:44;1;S;12.75;6
1123;2015-01-19;18:21:36;1;M;16.75;8
1123;2015-01-19;18:21:36;1;S;10.50;1
1124;2015-01-19;18:29:26;1;M;16.25;24
1124;2015-01-19;18:29:26;1;M;16.00;12
1125;2015-01-19;18:45:40;1;S;10.50;1
1125;2015-01-19;18:45:40;1;L;20.25;5
1126;2015-01-19;18:48:46;1;S;12.75;16
1127;2015-01-19;18:53:52;1;L;20.50;2
1127;2015-01-19;18:53:52;1;S;11.00;31
1127;2015-01-19;18:53:52;1;S;12.00;15
1128;2015-01-19;18:59:54;1;M;16.75;17
1128;2015-01-19;18:59:54;1;L;20.75;6
1129;2015-01-19;19:00:20;1;M;16.75;17
1129;2015-01-19;19:00:20;1;L;16.50;1
1129;2015-01-19;19:00:20;1;S;11.00;31
1130;2015-01-19;19:03:05;1;L;18.50;3
1130;2015-01-19;19:03:05;1;L;20.75;4
1131;2015-01-19;19:06:42;1;L;20.25;11
1131;2015-01-19;19:06:42;1;M;12.50;18
1132;2015-01-19;19:51:37;1;S;12.75;17
1132;2015-01-19;19:51:37;1;L;18.50;3
1132;2015-01-19;19:51:37;1;L;17.95;22
1132;2015-01-19;19:51:37;1;S;9.75;18
1133;2015-01-19;19:59:17;1;L;20.50;12
1133;2015-01-19;19:59:17;1;L;20.50;23
1133;2015-01-19;19:59:17;1;L;17.50;31
1133;2015-01-19;19:59:17;1;M;16.00;9
1134;2015-01-19;20:05:41;1;S;11.00;31
1135;2015-01-19;21:15:41;1;L;15.25;18
1136;2015-01-19;21:59:06;1;L;20.75;4
1136;2015-01-19;21:59:06;1;M;16.75;6
1136;2015-01-19;21:59:06;1;S;12.00;15
1137;2015-01-19;22:13:28;1;L;20.75;21
1137;2015-01-19;22:13:28;1;M;16.00;15
1138;2015-01-20;11:21:49;1;L;20.25;5
1139;2015-01-20;11:25:59;1;S;12.50;4
1139;2015-01-20;11:25:59;1;S;12.25;29
1139;2015-01-20;11:25:59;1;L;20.75;13
1139;2015-01-20;11:25:59;1;S;12.00;9
1140;2015-01-20;11:31:16;1;L;20.50;12
1140;2015-01-20;11:31:16;1;M;16.75;25
1140;2015-01-20;11:31:16;1;M;16.00;5
1140;2015-01-20;11:31:16;1;M;12.50;18
1140;2015-01-20;11:31:16;1;XL;25.50;9
1141;2015-01-20;11:35:08;1;M;16.00;28
1142;2015-01-20;11:36:48;2;L;20.25;29
1143;2015-01-20;11:37:33;1;S;12.00;20
1143;2015-01-20;11:37:33;1;L;18.50;3
1143;2015-01-20;11:37:33;1;L;20.75;4
1144;2015-01-20;12:02:21;1;L;20.25;5
1144;2015-01-20;12:02:21;1;M;16.50;7
1145;2015-01-20;12:04:15;1;S;12.75;19
1145;2015-01-20;12:04:15;1;M;16.00;26
1145;2015-01-20;12:04:15;1;M;16.50;13
1145;2015-01-20;12:04:15;1;M;16.50;10
1146;2015-01-20;12:12:00;1;M;16.50;10
1147;2015-01-20;12:12:25;1;S;12.50;21
1148;2015-01-20;12:17:42;1;S;12.00;20
1148;2015-01-20;12:17:42;1;M;16.50;4
1149;2015-01-20;12:22:41;1;M;16.00;11
1149;2015-01-20;12:22:41;1;L;20.75;7
1150;2015-01-20;12:39:05;1;S;12.75;17
1150;2015-01-20;12:39:05;1;S;12.75;19
1150;2015-01-20;12:39:05;1;M;16.00;2
1150;2015-01-20;12:39:05;1;S;12.00;2
1150;2015-01-20;12:39:05;1;L;18.50;3
1150;2015-01-20;12:39:05;2;M;16.00;11
1150;2015-01-20;12:39:05;1;L;20.75;4
1150;2015-01-20;12:39:05;1;M;16.00;23
1150;2015-01-20;12:39:05;1;S;12.00;23
1150;2015-01-20;12:39:05;1;L;20.75;21
1150;2015-01-20;12:39:05;2;M;16.75;16
1150;2015-01-20;12:39:05;1;S;12.75;6
1151;2015-01-20;12:43:36;1;L;17.95;22
1152;2015-01-20;12:44:23;1;M;16.75;30
1153;2015-01-20;12:56:30;1;S;12.00;20
1153;2015-01-20;12:56:30;1;L;20.50;2
1153;2015-01-20;12:56:30;1;L;18.50;3
1153;2015-01-20;12:56:30;1;L;20.50;12
1153;2015-01-20;12:56:30;1;S;12.50;4
1153;2015-01-20;12:56:30;1;L;20.50;23
1153;2015-01-20;12:56:30;1;M;16.50;27
1153;2015-01-20;12:56:30;1;S;12.25;29
1153;2015-01-20;12:56:30;1;M;16.50;21
1153;2015-01-20;12:56:30;1;M;16.75;16
1153;2015-01-20;12:56:30;1;M;16.50;13
1154;2015-01-20;12:59:38;1;L;18.50;3
1154;2015-01-20;12:59:38;1;S;9.75;18
1154;2015-01-20;12:59:38;2;L;20.75;7
1155;2015-01-20;13:05:11;1;L;16.50;1
1156;2015-01-20;13:14:15;1;M;16.00;12
1157;2015-01-20;13:16:58;1;S;12.00;20
1157;2015-01-20;13:16:58;1;S;12.00;23
1158;2015-01-20;13:17:45;1;L;20.75;17
1158;2015-01-20;13:17:45;1;M;16.75;17
1158;2015-01-20;13:17:45;1;M;16.75;6
1159;2015-01-20;14:06:41;1;L;20.75;17
1160;2015-01-20;14:14:54;1;L;20.75;17
1160;2015-01-20;14:14:54;1;M;16.50;4
1160;2015-01-20;14:14:54;1;S;11.00;31
1161;2015-01-20;14:21:41;1;L;20.75;6
1162;2015-01-20;14:40:02;1;S;12.25;24
1162;2015-01-20;14:40:02;1;S;12.50;10
1163;2015-01-20;14:47:28;1;S;12.75;17
1164;2015-01-20;15:13:31;1;L;17.50;31
1164;2015-01-20;15:13:31;1;M;16.00;15
1165;2015-01-20;15:15:26;1;L;18.50;3
1165;2015-01-20;15:15:26;1;L;20.75;4
1166;2015-01-20;15:25:08;1;S;12.00;15
1167;2015-01-20;15:28:09;1;L;20.75;7
1168;2015-01-20;15:58:05;1;M;16.00;15
1169;2015-01-20;16:08:25;1;L;20.50;12
1169;2015-01-20;16:08:25;1;M;16.75;25
1169;2015-01-20;16:08:25;1;M;12.50;18
1170;2015-01-20;16:37:24;1;M;16.75;8
1171;2015-01-20;16:41:58;1;S;12.00;2
1172;2015-01-20;16:53:23;1;M;16.00;2
1172;2015-01-20;16:53:23;1;S;12.00;9
1173;2015-01-20;16:57:05;1;L;17.95;22
1173;2015-01-20;16:57:05;1;S;12.00;15
1174;2015-01-20;17:02:58;1;L;20.75;21
1174;2015-01-20;17:02:58;1;S;12.50;10
1175;2015-01-20;17:05:14;1;S;12.00;12
1175;2015-01-20;17:05:14;1;M;16.50;27
1175;2015-01-20;17:05:14;1;L;20.25;29
1175;2015-01-20;17:05:14;1;L;20.75;21
1176;2015-01-20;17:05:19;1;M;16.00;2
1176;2015-01-20;17:05:19;1;M;16.50;27
1176;2015-01-20;17:05:19;1;S;12.25;29
1176;2015-01-20;17:05:19;1;S;12.50;13
1177;2015-01-20;17:27:29;1;M;16.00;2
1177;2015-01-20;17:27:29;1;S;9.75;18
1178;2015-01-20;18:01:13;1;L;20.75;13
1179;2015-01-20;18:02:28;1;L;20.75;21
1180;2015-01-20;18:12:31;1;S;23.65;32
1180;2015-01-20;18:12:31;1;L;18.50;3
1181;2015-01-20;18:17:53;1;L;20.75;17
1182;2015-01-20;18:33:48;1;M;16.75;8
1182;2015-01-20;18:33:48;1;S;23.65;32
1182;2015-01-20;18:33:48;1;L;18.50;3
1182;2015-01-20;18:33:48;1;L;20.75;14
1183;2015-01-20;18:51:30;1;L;20.75;17
1183;2015-01-20;18:51:30;1;L;15.25;18
1184;2015-01-20;19:04:35;1;L;20.75;10
1185;2015-01-20;19:10:26;1;L;16.50;1
1186;2015-01-20;19:19:55;1;L;17.95;22
1186;2015-01-20;19:19:55;1;L;20.75;6
1187;2015-01-20;19:21:40;1;M;16.75;16
1188;2015-01-20;19:25:25;1;L;20.75;10
1189;2015-01-20;19:40:47;1;M;16.75;8
1190;2015-01-20;19:43:15;1;M;16.00;2
1190;2015-01-20;19:43:15;1;L;20.75;27
1191;2015-01-20;19:56:41;1;L;20.75;4
1191;2015-01-20;19:56:41;1;M;16.00;23
1192;2015-01-20;20:15:27;1;L;20.75;6
1193;2015-01-20;20:26:22;1;M;16.75;17
1193;2015-01-20;20:26:22;1;L;20.75;27
1193;2015-01-20;20:26:22;1;S;12.25;29
1193;2015-01-20;20:26:22;1;S;12.00;15
1194;2015-01-20;20:27:18;1;L;20.75;27
1194;2015-01-20;20:27:18;1;M;16.50;13
1195;2015-01-20;20:39:52;1;S;12.75;17
1195;2015-01-20;20:39:52;1;L;18.50;3
1195;2015-01-20;20:39:52;1;S;12.75;16
1196;2015-01-20;20:44:41;1;L;18.50;3
1196;2015-01-20;20:44:41;1;L;20.25;28
1197;2015-01-20;20:53:41;1;S;12.00;11
1198;2015-01-20;22:02:08;1;S;12.00;26
1199;2015-01-20;22:10:20;1;M;16.75;30
1200;2015-01-20;22:14:41;1;M;16.75;30
1200;2015-01-20;22:14:41;1;M;16.50;7
1201;2015-01-20;22:40:10;1;L;18.50;3
1201;2015-01-20;22:40:10;1;L;20.75;13
1202;2015-01-21;11:50:26;1;S;12.00;20
1203;2015-01-21;11:54:22;1;L;20.75;4
1204;2015-01-21;12:23:38;1;S;12.00;20
1204;2015-01-21;12:23:38;1;L;16.50;1
1204;2015-01-21;12:23:38;1;S;12.25;29
1204;2015-01-21;12:23:38;1;M;16.00;15
1205;2015-01-21;12:29:13;1;M;16.00;15
1206;2015-01-21;12:38:38;1;S;12.75;17
1206;2015-01-21;12:38:38;1;M;16.00;2
1206;2015-01-21;12:38:38;1;L;18.50;3
1206;2015-01-21;12:38:38;1;L;16.50;1
1206;2015-01-21;12:38:38;1;M;16.00;12
1206;2015-01-21;12:38:38;1;M;16.50;4
